02RETORNO01COBRANCA       005165505161317635  TELEVISAO CIDADE SA           399HSBC           07121601600BPI           081216                                                                                                                                                                                                                                                                       00984 000001
102016737440001300051655051613176350                          213059762690000000000000000000000000000000000138071216          21305976269         00000000000000074902370219001000000000000000000000000000000000000000000000000000000000000000000000000000000000000000749000000000000000000000000000000000000000000000000000000000000000000000000000000000000000000000000000000000000000000000000000000019000121
9201399          0002110200000164678735                                                                                                                                                                                                                                                                                                                                                                   000122