02RETORNO01COBRANCA       00027242600011196981TELEVISAO CIDADE S.A.         707BANCO DAYCOVAL 07121601600BPI01315                                                                                                                                                                                                                                                                                         000001
1020167374400013000027242600011199792                         67705525            112677055255000010016151 206061216001603    67705525            081216000000003500023733810120000000000000                          000000000000000000000000000000000000000000000003500000000000000000000000000000                                                                                    100000000071216000000024
1020167374400013000027242600011199792                         67810087            112678100878000010016216 206061216000418    67810087            081216000000023464023723720120000000000000                          000000000000000000000000000000000000000000000023464000000000000000000000000000                                                                                    100000000071216000000029
1020167374400013000027242600011199792                         67810088            112678100886000010016224 206061216000277    67810088            081216000000083359823723720120000000000000                          000000000000000000000000000000000000000000000083359800000000000000000000000000                                                                                    100000000071216000000030
1020167374400013000027242600011199792                         67810089            112678100894000010016232 206061216001613    67810089            081216000000080395723723720120000000000000                          000000000000000000000000000000000000000000000080395700000000000000000000000000                                                                                    100000000071216000000031
1020167374400013000027242600011199792                         67810090            112678100902000010016240 206061216001037    67810090            081216000000041490623723720120000000000000                          000000000000000000000000000000000000000000000041490600000000000000000000000000                                                                                    100000000071216000000032
1020167374400013000027242600011199792                         67810091            112678100910000010016259 206061216000916    67810091            081216000000003752823723720120000000000000                          000000000000000000000000000000000000000000000003752800000000000000000000000000                                                                                    100000000071216000000033
1020167374400013000027242600011199792                         67810092            112678100928000010016267 206061216000278    67810092            081216000000006200523723720120000000000000                          000000000000000000000000000000000000000000000006200500000000000000000000000000                                                                                    100000000071216000000034
1020167374400013000027242600011199792                         67810093            112678100936000010016275 206061216001614    67810093            081216000000153896223723720120000000000000                          000000000000000000000000000000000000000000000153896200000000000000000000000000                                                                                    100000000071216000000035
1020167374400013000027242600011199792                         67810094            112678100944000010016283 206061216001038    67810094            081216000000025720623723720120000000000000                          000000000000000000000000000000000000000000000025720600000000000000000000000000                                                                                    100000000071216000000036
1020167374400013000027242600011199792                         67810095            112678100951000010016291 206061216000196    67810095            081216000000007409123723720120000000000000                          000000000000000000000000000000000000000000000007409100000000000000000000000000                                                                                    100000000071216000000037
1020167374400013000027242600011199792                         67810096            112678100969000010016305 206061216000419    67810096            081216000000025447023723720120000000000000                          000000000000000000000000000000000000000000000025447000000000000000000000000000                                                                                    100000000071216000000038
1020167374400013000027242600011199792                         67810097            112678100977000010016313 206061216000279    67810097            081216000000015213523723720120000000000000                          000000000000000000000000000000000000000000000015213500000000000000000000000000                                                                                    100000000071216000000039
1020167374400013000027242600011199792                         67810098            112678100985000010016321 206061216001039    67810098            081216000000024792623723720120000000000000                          000000000000000000000000000000000000000000000024792600000000000000000000000000                                                                                    100000000071216000000040
1020167374400013000027242600011199792                         67810100            112678101009000010016348 206061216001615    67810100            081216000000390420723723720120000000000000                          000000000000000000000000000000000000000000000390420700000000000000000000000000                                                                                    100000000071216000000041
1020167374400013000027242600011199792                         67810101            112678101017000010016356 206061216000301    67810101            081216000000373177823723720120000000000000                          000000000000000000000000000000000000000000000373177800000000000000000000000000                                                                                    100000000071216000000042
920170700000000000000000000000000000000000000000000000000000000000000000000000000000000000000000000000000                                                                                                                                                                                                                                                                                                 000254