02RETORNO01COBRANCA       005165505161317481  CABLE BAHIA LTDA              399HSBC           07121601600BPI           081216                                                                                                                                                                                                                                                                       00642 000001
102041106950001150051655051613174810 51004679717              505164463120000000000000000000000000000000000106071216505164463150516446312         10111600000000046162370261601000000000000000000000000000000000000000000000000000000000000000000000000000000000000000461600000000000000000000000000000000000000000000000000000000000000000000000000000000000000000000000000000000000000000000000000000019000002
102041106950001150051655051613174811 51004679813              505164471490000000000000000000000000000000000106071216505164471450516447149         10111600000002368950010346201000000000000000000000000000000000000000000000000000000000000000000000000000000000000023689500000000000000000000000000000000000000000000000000000000000000000000000000000000000000000000000000000000000000000000000000000019000003
102041106950001150051655051613174810 53002219615              505164649900000000000000000000000000000000000106071216505164649950516464990         15111600000000034902370302601000000000000000000000000000000000000000000000000000000000000000000000000000000000000000349000000000000000000000000000000000000000000000000000000000000000000000000000000000000000000000000000000000000000000000000000000019000004
102041106950001150051655051613174810 51004682636              505164736200000000000000000000000000000000000106071216505164736250516473620         25111600000000075322370730501000000000000000000000000000000000000000000000000000000000000000000000000000000000000000753200000000000000000000000000000000000000000000000000000000000000000000000000000000000000000000000000000000000000000000000000000019000005
102041106950001150051655051613174810 51004682715              505164743240000000000000000000000000000000000106071216505164743250516474324         25111600000000085662370357301000000000000000000000000000000000000000000000000000000000000000000000000000000000000000856600000000000000000000000000000000000000000000000000000000000000000000000000000000000000000000000000000000000000000000000000000019000006
102041106950001150051655051613174810 51004682861              505164754520000000000000000000000000000000000106071216505164754550516475452         25111600000000137492370066201000000000000000000000000000000000000000000000000000000000000000000000000000000000000001374900000000000000000000000000000000000000000000000000000000000000000000000000000000000000000000000000000000000000000000000000000019000007
102041106950001150051655051613174810 51004682874              505164755760000000000000000000000000000000000106071216505164755750516475576         25111600000000070792370302101000000000000000000000000000000000000000000000000000000000000000000000000000000000000000707900000000000000000000000000000000000000000000000000000000000000000000000000000000000000000000000000000000000000000000000000000019000008
102041106950001150051655051613174810 51004683311              505164790750000000000000000000000000000000000106071216505164790750516479075         25111600000000314642370365101000000000000000000000000000000000000000000000000000000000000000000000000000000000000003146400000000000000000000000000000000000000000000000000000000000000000000000000000000000000000000000000000000000000000000000000000019000009
102041106950001150051655051613174810 53002220244              505164818430000000000000000000000000000000000106071216505164818450516481843         25111600000000056732370181501000000000000000000000000000000000000000000000000000000000000000000000000000000000000000567300000000000000000000000000000000000000000000000000000000000000000000000000000000000000000000000000000000000000000000000000000019000010
102041106950001150051655051613174810 51004684389              505164838700000000000000000000000000000000000106071216505164838750516483870         01121600000000059392370718501000000000000000000000000000000000000000000000000000000000000000000000000000000000000000593900000000000000000000000000000000000000000000000000000000000000000000000000000000000000000000000000000000000000000000000000000019000011
102041106950001150051655051613174810 51004685024              505164865430000000000000000000000000000000000106071216505164865450516486543         05121600000000052902370301201000000000000000000000000000000000000000000000000000000000000000000000000000000000000000550000000000002100000000000000000000000000000000000000000000000000000000000000000000000000000000000000000000000000000000000000000019000012
102041106950001150051655051613174810 51004685098              505164870350000000000000000000000000000000000106071216505164870350516487035         05121600000000077362370718501000000000000000000000000000000000000000000000000000000000000000000000000000000000000000773600000000000000000000000000000000000000000000000000000000000000000000000000000000000000000000000000000000000000000000000000000019000013
102041106950001150051655051613174810 51004685253              505164883410000000000000000000000000000000000106071216505164883450516488341         05121600000000068812370366201000000000000000000000000000000000000000000000000000000000000000000000000000000000000000702300000000001420000000000000000000000000000000000000000000000000000000000000000000000000000000000000000000000000000000000000000019000014
102041106950001150051655051613174810 51004685293              505164885970000000000000000000000000000000000106071216505164885950516488597         05121600000000039422370242501000000000000000000000000000000000000000000000000000000000000000000000000000000000000000394200000000000000000000000000000000000000000000000000000000000000000000000000000000000000000000000000000000000000000000000000000019000015
102041106950001150051655051613174810 51004685446              505164898360000000000000000000000000000000000106071216505164898350516489836         05121600000000088402370142501000000000000000000000000000000000000000000000000000000000000000000000000000000000000000884000000000000000000000000000000000000000000000000000000000000000000000000000000000000000000000000000000000000000000000000000000019000016
102041106950001150051655051613174810 53002221002              505164908690000000000000000000000000000000000106071216505164908650516490869         05121600000000044902370023601000000000000000000000000000000000000000000000000000000000000000000000000000000000000000449000000000000000000000000000000000000000000000000000000000000000000000000000000000000000000000000000000000000000000000000000000019000017
102041106950001150051655051613174810 51004685831              505164933610000000000000000000000000000000000106071216505164933650516493361         10121600000000098162370066201000000000000000000000000000000000000000000000000000000000000000000000000000000000000000981600000000000000000000000000000000000000000000000000000000000000000000000000000000000000000000000000000000000000000000000000000019000018
102041106950001150051655051613174811 51004685950              505164942870000000000000000000000000000000000106071216505164942850516494287         10121600000000077371040221801000000000000000000000000000000000000000000000000000000000000000000000000000000000000000773700000000000000000000000000000000000000000000000000000000000000000000000000000000000000000000000000000000000000000000000000000019000019
102041106950001150051655051613174811 51004685965              505164944300000000000000000000000000000000000106071216505164944350516494430         10121600000000094900010345701000000000000000000000000000000000000000000000000000000000000000000000000000000000000000949000000000000000000000000000000000000000000000000000000000000000000000000000000000000000000000000000000000000000000000000000000019000020
102041106950001150051655051613174810 51004685972              505164945030000000000000000000000000000000000106071216505164945050516494503         10121600000000064902370263001000000000000000000000000000000000000000000000000000000000000000000000000000000000000000649000000000000000000000000000000000000000000000000000000000000000000000000000000000000000000000000000000000000000000000000000000019000021
102041106950001150051655051613174811 51004686056              505164951940000000000000000000000000000000000106071216505164951950516495194         10121600000000055221040412101000000000000000000000000000000000000000000000000000000000000000000000000000000000000000552200000000000000000000000000000000000000000000000000000000000000000000000000000000000000000000000000000000000000000000000000000019000022
102041106950001150051655051613174811 51004686063              505164952670000000000000000000000000000000000106071216505164952650516495267         10121600000000058841040411201000000000000000000000000000000000000000000000000000000000000000000000000000000000000000588400000000000000000000000000000000000000000000000000000000000000000000000000000000000000000000000000000000000000000000000000000019000023
102041106950001150051655051613174811 51004686204              505164965650000000000000000000000000000000000106071216505164965650516496565         10121600000000138320010121701000000000000000000000000000000000000000000000000000000000000000000000000000000000000001383200000000000000000000000000000000000000000000000000000000000000000000000000000000000000000000000000000000000000000000000000000019000024
102041106950001150051655051613174811 51004686216              505164966460000000000000000000000000000000000106071216505164966450516496646         10121600000000083080010121701000000000000000000000000000000000000000000000000000000000000000000000000000000000000000830800000000000000000000000000000000000000000000000000000000000000000000000000000000000000000000000000000000000000000000000000000019000025
102041106950001150051655051613174811 51004686445              505164984520000000000000000000000000000000000106071216505164984550516498452         10121600000000045370010295701000000000000000000000000000000000000000000000000000000000000000000000000000000000000000453700000000000000000000000000000000000000000000000000000000000000000000000000000000000000000000000000000000000000000000000000000019000026
102041106950001150051655051613174811 51004686459              505164985840000000000000000000000000000000000106071216505164985850516498584         10121600000000059901040361701000000000000000000000000000000000000000000000000000000000000000000000000000000000000000599000000000000000000000000000000000000000000000000000000000000000000000000000000000000000000000000000000000000000000000000000000019000027
102041106950001150051655051613174811 51004686535              505164992380000000000000000000000000000000000106071216505164992350516499238         10121600000000069903410870201000000000000000000000000000000000000000000000000000000000000000000000000000000000000000699000000000000000000000000000000000000000000000000000000000000000000000000000000000000000000000000000000000000000000000000000000019000028
102041106950001150051655051613174811 51004686570              505164995640000000000000000000000000000000000106071216505164995650516499564         10121600000000089900010121701000000000000000000000000000000000000000000000000000000000000000000000000000000000000000899000000000000000000000000000000000000000000000000000000000000000000000000000000000000000000000000000000000000000000000000000000019000029
102041106950001150051655051613174810 51004686576              505164996290000000000000000000000000000000000106071216505164996250516499629         10121600000000083822370365101000000000000000000000000000000000000000000000000000000000000000000000000000000000000000838200000000000000000000000000000000000000000000000000000000000000000000000000000000000000000000000000000000000000000000000000000019000030
102041106950001150051655051613174810 51004686579              505164996530000000000000000000000000000000000106071216505164996550516499653         10121600000000074902370730701000000000000000000000000000000000000000000000000000000000000000000000000000000000000000749000000000000000000000000000000000000000000000000000000000000000000000000000000000000000000000000000000000000000000000000000000019000031
102041106950001150051655051613174811 51004686594              505164997850000000000000000000000000000000000106071216505164997850516499785         10121600000000081823410665101000000000000000000000000000000000000000000000000000000000000000000000000000000000000000818200000000000000000000000000000000000000000000000000000000000000000000000000000000000000000000000000000000000000000000000000000019000032
102041106950001150051655051613174811 51004686618              505164999710000000000000000000000000000000000106071216505164999750516499971         10121600000000021051040377701000000000000000000000000000000000000000000000000000000000000000000000000000000000000000210500000000000000000000000000000000000000000000000000000000000000000000000000000000000000000000000000000000000000000000000000000019000033
102041106950001150051655051613174811 51004686691              505165006350000000000000000000000000000000000106071216505165006350516500635         10121600000000057173410321401000000000000000000000000000000000000000000000000000000000000000000000000000000000000000571700000000000000000000000000000000000000000000000000000000000000000000000000000000000000000000000000000000000000000000000000000019000034
102041106950001150051655051613174811 51004686736              505165009880000000000000000000000000000000000106071216505165009850516500988         10121600000000138890010345901000000000000000000000000000000000000000000000000000000000000000000000000000000000000001388900000000000000000000000000000000000000000000000000000000000000000000000000000000000000000000000000000000000000000000000000000019000035
102041106950001150051655051613174811 51004686760              505165011860000000000000000000000000000000000106071216505165011850516501186         10121600000000038621040006901000000000000000000000000000000000000000000000000000000000000000000000000000000000000000386200000000000000000000000000000000000000000000000000000000000000000000000000000000000000000000000000000000000000000000000000000019000036
102041106950001150051655051613174811 51004686842              505165018520000000000000000000000000000000000106071216505165018550516501852         10121600000000059901040105301000000000000000000000000000000000000000000000000000000000000000000000000000000000000000599000000000000000000000000000000000000000000000000000000000000000000000000000000000000000000000000000000000000000000000000000000019000037
102041106950001150051655051613174811 51004686934              505165025900000000000000000000000000000000000106071216505165025950516502590         10121600000000061250010296801000000000000000000000000000000000000000000000000000000000000000000000000000000000000000612500000000000000000000000000000000000000000000000000000000000000000000000000000000000000000000000000000000000000000000000000000019000038
102041106950001150051655051613174811 51004686947              505165027190000000000000000000000000000000000106071216505165027150516502719         10121600000000074783410157601000000000000000000000000000000000000000000000000000000000000000000000000000000000000000747800000000000000000000000000000000000000000000000000000000000000000000000000000000000000000000000000000000000000000000000000000019000039
102041106950001150051655051613174811 51004686960              505165028160000000000000000000000000000000000106071216505165028150516502816         10121600000000047901040151901000000000000000000000000000000000000000000000000000000000000000000000000000000000000000479000000000000000000000000000000000000000000000000000000000000000000000000000000000000000000000000000000000000000000000000000000019000040
102041106950001150051655051613174811 51004687015              505165032510000000000000000000000000000000000106071216505165032550516503251         10121600000000057900010297601000000000000000000000000000000000000000000000000000000000000000000000000000000000000000579000000000000000000000000000000000000000000000000000000000000000000000000000000000000000000000000000000000000000000000000000000019000041
102041106950001150051655051613174811 51004687020              505165033080000000000000000000000000000000000106071216505165033050516503308         10121600000000039901040006101000000000000000000000000000000000000000000000000000000000000000000000000000000000000000399000000000000000000000000000000000000000000000000000000000000000000000000000000000000000000000000000000000000000000000000000000019000042
102041106950001150051655051613174810 51004687037              505165034300000000000000000000000000000000000106071216505165034350516503430         10121600000000050512370364601000000000000000000000000000000000000000000000000000000000000000000000000000000000000000505100000000000000000000000000000000000000000000000000000000000000000000000000000000000000000000000000000000000000000000000000000019000043
102041106950001150051655051613174810 51004687059              505165036340000000000000000000000000000000000106071216505165036350516503634         10121600000000046762370364601000000000000000000000000000000000000000000000000000000000000000000000000000000000000000467600000000000000000000000000000000000000000000000000000000000000000000000000000000000000000000000000000000000000000000000000000019000044
102041106950001150051655051613174811 51004687094              505165039360000000000000000000000000000000000106071216505165039350516503936         10121600000000064903410321701000000000000000000000000000000000000000000000000000000000000000000000000000000000000000649000000000000000000000000000000000000000000000000000000000000000000000000000000000000000000000000000000000000000000000000000000019000045
102041106950001150051655051613174811 51004687095              505165039440000000000000000000000000000000000106071216505165039450516503944         10121600000000044321040479801000000000000000000000000000000000000000000000000000000000000000000000000000000000000000443200000000000000000000000000000000000000000000000000000000000000000000000000000000000000000000000000000000000000000000000000000019000046
102041106950001150051655051613174811 51004687099              505165039870000000000000000000000000000000000106071216505165039850516503987         10121600000000085410010159901000000000000000000000000000000000000000000000000000000000000000000000000000000000000000854100000000000000000000000000000000000000000000000000000000000000000000000000000000000000000000000000000000000000000000000000000019000047
102041106950001150051655051613174811 51004687107              505165040610000000000000000000000000000000000106071216505165040650516504061         10121600000000061601040278901000000000000000000000000000000000000000000000000000000000000000000000000000000000000000616000000000000000000000000000000000000000000000000000000000000000000000000000000000000000000000000000000000000000000000000000000019000048
102041106950001150051655051613174811 51004687108              505165040700000000000000000000000000000000000106071216505165040750516504070         10121600000000072903410321701000000000000000000000000000000000000000000000000000000000000000000000000000000000000000729000000000000000000000000000000000000000000000000000000000000000000000000000000000000000000000000000000000000000000000000000000019000049
102041106950001150051655051613174811 51004687163              505165045250000000000000000000000000000000000106071216505165045250516504525         10121600000000077650010160201000000000000000000000000000000000000000000000000000000000000000000000000000000000000000776500000000000000000000000000000000000000000000000000000000000000000000000000000000000000000000000000000000000000000000000000000019000050
102041106950001150051655051613174811 51004687341              505165058580000000000000000000000000000000000106071216505165058550516505858         10121600000000054901040006301000000000000000000000000000000000000000000000000000000000000000000000000000000000000000549000000000000000000000000000000000000000000000000000000000000000000000000000000000000000000000000000000000000000000000000000000019000051
102041106950001150051655051613174811 51004687343              505165058740000000000000000000000000000000000106071216505165058750516505874         10121600000000082810010345701000000000000000000000000000000000000000000000000000000000000000000000000000000000000000828100000000000000000000000000000000000000000000000000000000000000000000000000000000000000000000000000000000000000000000000000000019000052
102041106950001150051655051613174810 51004687403              505165063580000000000000000000000000000000000106071216505165063550516506358         10121600000000105812370300601000000000000000000000000000000000000000000000000000000000000000000000000000000000000001058100000000000000000000000000000000000000000000000000000000000000000000000000000000000000000000000000000000000000000000000000000019000053
102041106950001150051655051613174811 51004687413              505165064470000000000000000000000000000000000106071216505165064450516506447         10121600000000069901040067201000000000000000000000000000000000000000000000000000000000000000000000000000000000000000699000000000000000000000000000000000000000000000000000000000000000000000000000000000000000000000000000000000000000000000000000000019000054
102041106950001150051655051613174810 51004687457              505165068200000000000000000000000000000000000106071216505165068250516506820         10121600000000053032370355101000000000000000000000000000000000000000000000000000000000000000000000000000000000000000530300000000000000000000000000000000000000000000000000000000000000000000000000000000000000000000000000000000000000000000000000000019000055
102041106950001150051655051613174811 51004687488              505165071170000000000000000000000000000000000106071216505165071150516507117         10121600000000059591040006301000000000000000000000000000000000000000000000000000000000000000000000000000000000000000595900000000000000000000000000000000000000000000000000000000000000000000000000000000000000000000000000000000000000000000000000000019000056
102041106950001150051655051613174811 51004687507              505165072570000000000000000000000000000000000106071216505165072550516507257         10121600000000095240010342901000000000000000000000000000000000000000000000000000000000000000000000000000000000000000952400000000000000000000000000000000000000000000000000000000000000000000000000000000000000000000000000000000000000000000000000000019000057
102041106950001150051655051613174810 51004687532              505165074350000000000000000000000000000000000106071216505165074350516507435         10121600000000057572370301201000000000000000000000000000000000000000000000000000000000000000000000000000000000000000575700000000000000000000000000000000000000000000000000000000000000000000000000000000000000000000000000000000000000000000000000000019000058
102041106950001150051655051613174811 51004687582              505165078850000000000000000000000000000000000106071216505165078850516507885         10121600000000077693410765401000000000000000000000000000000000000000000000000000000000000000000000000000000000000000776900000000000000000000000000000000000000000000000000000000000000000000000000000000000000000000000000000000000000000000000000000019000059
102041106950001150051655051613174810 51004687587              505165079310000000000000000000000000000000000106071216505165079350516507931         10121600000000066832370142501000000000000000000000000000000000000000000000000000000000000000000000000000000000000000668300000000000000000000000000000000000000000000000000000000000000000000000000000000000000000000000000000000000000000000000000000019000060
102041106950001150051655051613174811 53002221286              505165083930000000000000000000000000000000000106071216505165083950516508393         10121600000000075991040410901000000000000000000000000000000000000000000000000000000000000000000000000000000000000000759900000000000000000000000000000000000000000000000000000000000000000000000000000000000000000000000000000000000000000000000000000019000061
102041106950001150051655051613174811 53002221295              505165084660000000000000000000000000000000000106071216505165084650516508466         10121600000000039900330368201000000000000000000000000000000000000000000000000000000000000000000000000000000000000000399000000000000000000000000000000000000000000000000000000000000000000000000000000000000000000000000000000000000000000000000000000019000062
102041106950001150051655051613174811 53002221327              505165087760000000000000000000000000000000000106071216505165087750516508776         10121600000000074900010312801000000000000000000000000000000000000000000000000000000000000000000000000000000000000000749000000000000000000000000000000000000000000000000000000000000000000000000000000000000000000000000000000000000000000000000000000019000063
102041106950001150051655051613174810 53002221347              505165089620000000000000000000000000000000000106071216505165089650516508962         10121600000000036202370354501000000000000000000000000000000000000000000000000000000000000000000000000000000000000000362000000000000000000000000000000000000000000000000000000000000000000000000000000000000000000000000000000000000000000000000000000019000064
102041106950001150051655051613174811 53002221378              505165092500000000000000000000000000000000000106071216505165092550516509250         10121600000000167221040161101000000000000000000000000000000000000000000000000000000000000000000000000000000000000001672200000000000000000000000000000000000000000000000000000000000000000000000000000000000000000000000000000000000000000000000000000019000065
102041106950001150051655051613174811 53002221448              505165099000000000000000000000000000000000000106071216505165099050516509900         10121600000000042623410290501000000000000000000000000000000000000000000000000000000000000000000000000000000000000000426200000000000000000000000000000000000000000000000000000000000000000000000000000000000000000000000000000000000000000000000000000019000066
102041106950001150051655051613174811 53002221460              505165100100000000000000000000000000000000000106071216505165100150516510010         10121600000000061371040410901000000000000000000000000000000000000000000000000000000000000000000000000000000000000000613700000000000000000000000000000000000000000000000000000000000000000000000000000000000000000000000000000000000000000000000000000019000067
102041106950001150051655051613174811 53002221463              505165100370000000000000000000000000000000000106071216505165100350516510037         10121600000000059841040313801000000000000000000000000000000000000000000000000000000000000000000000000000000000000000598400000000000000000000000000000000000000000000000000000000000000000000000000000000000000000000000000000000000000000000000000000019000068
102041106950001150051655051613174811 53002221512              505165104440000000000000000000000000000000000106071216505165104450516510444         10121600000000036021040410901000000000000000000000000000000000000000000000000000000000000000000000000000000000000000360200000000000000000000000000000000000000000000000000000000000000000000000000000000000000000000000000000000000000000000000000000019000069
102041106950001150051655051613174811 53002221563              505165108940000000000000000000000000000000000106071216505165108950516510894         10121600000000044551040410901000000000000000000000000000000000000000000000000000000000000000000000000000000000000000445500000000000000000000000000000000000000000000000000000000000000000000000000000000000000000000000000000000000000000000000000000019000070
102041106950001150051655051613174811 53002221606              505165112700000000000000000000000000000000000106071216505165112750516511270         10121600000000059901040313801000000000000000000000000000000000000000000000000000000000000000000000000000000000000000599000000000000000000000000000000000000000000000000000000000000000000000000000000000000000000000000000000000000000000000000000000019000071
102041106950001150051655051613174811 51004688101              505165116020000000000000000000000000000000000106071216505165116050516511602         11121600000000038770010000601000000000000000000000000000000000000000000000000000000000000000000000000000000000000000387700000000000000000000000000000000000000000000000000000000000000000000000000000000000000000000000000000000000000000000000000000019000072
102041106950001150051655051613174810 51004688152              505165120300000000000000000000000000000000000106071216505165120350516512030         11121600000000156032370332601000000000000000000000000000000000000000000000000000000000000000000000000000000000000001560300000000000000000000000000000000000000000000000000000000000000000000000000000000000000000000000000000000000000000000000000000019000073
102041106950001150051655051613174811 51004688159              505165120990000000000000000000000000000000000106071216505165120950516512099         11121600000000138341040006301000000000000000000000000000000000000000000000000000000000000000000000000000000000000001383400000000000000000000000000000000000000000000000000000000000000000000000000000000000000000000000000000000000000000000000000000019000074
102041106950001150051655051613174810 51004688184              505165123310000000000000000000000000000000000106071216505165123350516512331         11121600000000066792370355101000000000000000000000000000000000000000000000000000000000000000000000000000000000000000667900000000000000000000000000000000000000000000000000000000000000000000000000000000000000000000000000000000000000000000000000000019000075
102041106950001150051655051613174811 51004688464              505165135670000000000000000000000000000000000106071216505165135650516513567         15121600000000061321040144901000000000000000000000000000000000000000000000000000000000000000000000000000000000000000613200000000000000000000000000000000000000000000000000000000000000000000000000000000000000000000000000000000000000000000000000000019000076
102041106950001150051655051613174811 51004688570              505165144310000000000000000000000000000000000106071216505165144350516514431         15121600000000096390010345401000000000000000000000000000000000000000000000000000000000000000000000000000000000000000963900000000000000000000000000000000000000000000000000000000000000000000000000000000000000000000000000000000000000000000000000000019000077
102041106950001150051655051613174810 51004688688              505165154700000000000000000000000000000000000106071216505165154750516515470         15121600000000069902370300101000000000000000000000000000000000000000000000000000000000000000000000000000000000000000699000000000000000000000000000000000000000000000000000000000000000000000000000000000000000000000000000000000000000000000000000000019000078
102041106950001150051655051613174811 51004688701              505165155860000000000000000000000000000000000106071216505165155850516515586         15121600000000057163410860101000000000000000000000000000000000000000000000000000000000000000000000000000000000000000571600000000000000000000000000000000000000000000000000000000000000000000000000000000000000000000000000000000000000000000000000000019000079
102041106950001150051655051613174811 51004688816              505165166390000000000000000000000000000000000106071216505165166350516516639         15121600000000066541040221801000000000000000000000000000000000000000000000000000000000000000000000000000000000000000665400000000000000000000000000000000000000000000000000000000000000000000000000000000000000000000000000000000000000000000000000000019000080
102041106950001150051655051613174811 53002221936              505165210800000000000000000000000000000000000106071216505165210850516521080         15121600000000067991360585101000000000000000000000000000000000000000000000000000000000000000000000000000000000000000679900000000000000000000000000000000000000000000000000000000000000000000000000000000000000000000000000000000000000000000000000000019000081
102041106950001150051655051613174811 53002221966              505165213730000000000000000000000000000000000106071216505165213750516521373         15121600000000057710330078901000000000000000000000000000000000000000000000000000000000000000000000000000000000000000577100000000000000000000000000000000000000000000000000000000000000000000000000000000000000000000000000000000000000000000000000000019000082
102041106950001150051655051613174811 53002221998              505165216400000000000000000000000000000000000106071216505165216450516521640         15121600000000083750010312801000000000000000000000000000000000000000000000000000000000000000000000000000000000000000837500000000000000000000000000000000000000000000000000000000000000000000000000000000000000000000000000000000000000000000000000000019000083
102041106950001150051655051613174811 53002222042              505165220510000000000000000000000000000000000106071216505165220550516522051         15121600000000055710010312801000000000000000000000000000000000000000000000000000000000000000000000000000000000000000557100000000000000000000000000000000000000000000000000000000000000000000000000000000000000000000000000000000000000000000000000000019000084
102041106950001150051655051613174811 51004689400              505165231550000000000000000000000000000000000106071216505165231550516523155         20121600000000052861040202201000000000000000000000000000000000000000000000000000000000000000000000000000000000000000528600000000000000000000000000000000000000000000000000000000000000000000000000000000000000000000000000000000000000000000000000000019000085
102041106950001150051655051613174811 51004689445              505165235700000000000000000000000000000000000106071216505165235750516523570         20121600000000077653410429701000000000000000000000000000000000000000000000000000000000000000000000000000000000000000776500000000000000000000000000000000000000000000000000000000000000000000000000000000000000000000000000000000000000000000000000000019000086
102041106950001150051655051613174811 51004689768              505165264210000000000000000000000000000000000106071216505165264250516526421         20121600000000055930010434001000000000000000000000000000000000000000000000000000000000000000000000000000000000000000559300000000000000000000000000000000000000000000000000000000000000000000000000000000000000000000000000000000000000000000000000000019000087
102041106950001150051655051613174811 53002222223              505165275250000000000000000000000000000000000106071216505165275250516527525         20121600000000044901040006801000000000000000000000000000000000000000000000000000000000000000000000000000000000000000449000000000000000000000000000000000000000000000000000000000000000000000000000000000000000000000000000000000000000000000000000000019000088
102041106950001150051655051613174811 51004690211              505165294980000000000000000000000000000000000106071216505165294950516529498         25121600000000063981040061801000000000000000000000000000000000000000000000000000000000000000000000000000000000000000639800000000000000000000000000000000000000000000000000000000000000000000000000000000000000000000000000000000000000000000000000000019000089
102041106950001150051655051613174811 51004690368              505165308100000000000000000000000000000000000106071216505165308150516530810         25121600000000059763410093501000000000000000000000000000000000000000000000000000000000000000000000000000000000000000597600000000000000000000000000000000000000000000000000000000000000000000000000000000000000000000000000000000000000000000000000000019000090
102041106950001150051655051613174811 51004690779              505165341810000000000000000000000000000000000106071216505165341850516534181         25121600000000119811040377701000000000000000000000000000000000000000000000000000000000000000000000000000000000000001198100000000000000000000000000000000000000000000000000000000000000000000000000000000000000000000000000000000000000000000000000000019000091
102041106950001150051655051613174811 51004690866              505165349120000000000000000000000000000000000106071216505165349150516534912         25121600000000002980010180301000000000000000000000000000000000000000000000000000000000000000000000000000000000000000029800000000000000000000000000000000000000000000000000000000000000000000000000000000000000000000000000000000000000000000000000000019000092
9201399          0000870900000081622040                                                                                                                                                                                                                                                                                                                                                                   000093
