02RETORNO01COBRANCA       005165505161317635  TELEVISAO CIDADE SA           399HSBC           07121601600BPI           081216                                                                                                                                                                                                                                                                       00984 000001
102016737440001300051655051613176350 64003443819              213058772600000000000000000000000000000000000106071216213058772621305877260         25101600000000089902370383201000000000000000000000000000000000000000000000000000000000000000000000000000000000000000899000000000000000000000000000000000000000000000000000000000000000000000000000000000000000000000000000000000000000000000000000000019000002
102016737440001300051655051613176350 63003216644              213059061800000000000000000000000000000000000106071216213059061821305906180         10111600000000066772370133901000000000000000000000000000000000000000000000000000000000000000000000000000000000000000667700000000000000000000000000000000000000000000000000000000000000000000000000000000000000000000000000000000000000000000000000000019000003
102016737440001300051655051613176350 63003217124              213059071510000000000000000000000000000000000106071216213059071521305907151         10111600000000079912370713701000000000000000000000000000000000000000000000000000000000000000000000000000000000000000799100000000000000000000000000000000000000000000000000000000000000000000000000000000000000000000000000000000000000000000000000000019000004
102016737440001300051655051613176350 52003300638              213059138520000000000000000000000000000000000106071216213059138521305913852         10111600000000065402370728601000000000000000000000000000000000000000000000000000000000000000000000000000000000000000654000000000000000000000000000000000000000000000000000000000000000000000000000000000000000000000000000000000000000000000000000000019000005
102016737440001300051655051613176350 64003450058              213059277130000000000000000000000000000000000106071216213059277121305927713         10111600000000044132370383201000000000000000000000000000000000000000000000000000000000000000000000000000000000000000441300000000000000000000000000000000000000000000000000000000000000000000000000000000000000000000000000000000000000000000000000000019000006
102016737440001300051655051613176350 64003451407              213059392230000000000000000000000000000000000106071216213059392221305939223         10111600000000066882370042801000000000000000000000000000000000000000000000000000000000000000000000000000000000000000668800000000000000000000000000000000000000000000000000000000000000000000000000000000000000000000000000000000000000000000000000000019000007
102016737440001300051655051613176350 64003451517              213059400860000000000000000000000000000000000106071216213059400821305940086         10111600000000069902370008001000000000000000000000000000000000000000000000000000000000000000000000000000000000000000699000000000000000000000000000000000000000000000000000000000000000000000000000000000000000000000000000000000000000000000000000000019000008
102016737440001300051655051613176350 64003451712              213059418300000000000000000000000000000000000106071216213059418321305941830         10111600000000023182370383201000000000000000000000000000000000000000000000000000000000000000000000000000000000000000231800000000000000000000000000000000000000000000000000000000000000000000000000000000000000000000000000000000000000000000000000000019000009
102016737440001300051655051613176350 64003451766              213059423300000000000000000000000000000000000106071216213059423321305942330         10111600000000044442370383201000000000000000000000000000000000000000000000000000000000000000000000000000000000000000444400000000000000000000000000000000000000000000000000000000000000000000000000000000000000000000000000000000000000000000000000000019000010
102016737440001300051655051613176350 71003040607              213059491210000000000000000000000000000000000106071216213059491221305949121         10111600000000034902370565001000000000000000000000000000000000000000000000000000000000000000000000000000000000000000349000000000000000000000000000000000000000000000000000000000000000000000000000000000000000000000000000000000000000000000000000000019000011
102016737440001300051655051613176350 61004010937              213059733320000000000000000000000000000000000106071216213059733321305973332         15111600000000053532370704101000000000000000000000000000000000000000000000000000000000000000000000000000000000000000535300000000000000000000000000000000000000000000000000000000000000000000000000000000000000000000000000000000000000000000000000000019000012
102016737440001300051655051613176350 61004011002              213059739440000000000000000000000000000000000106071216213059739421305973944         15111600000000076402370703701000000000000000000000000000000000000000000000000000000000000000000000000000000000000000764000000000000000000000000000000000000000000000000000000000000000000000000000000000000000000000000000000000000000000000000000000019000013
102016737440001300051655051613176350 61004011019              213059741000000000000000000000000000000000000106071216213059741021305974100         15111600000000100682370218701000000000000000000000000000000000000000000000000000000000000000000000000000000000000001033500000000002670000000000000000000000000000000000000000000000000000000000000000000000000000000000000000000000000000000000000000019000014
102016737440001300051655051613176350 61004011104              213059749240000000000000000000000000000000000106071216213059749221305974924         15111600000000105702370703801000000000000000000000000000000000000000000000000000000000000000000000000000000000000001057000000000000000000000000000000000000000000000000000000000000000000000000000000000000000000000000000000000000000000000000000000019000015
102016737440001300051655051613176350 63003219497              213059803630000000000000000000000000000000000106071216213059803621305980363         15111600000000064282370713801000000000000000000000000000000000000000000000000000000000000000000000000000000000000000642800000000000000000000000000000000000000000000000000000000000000000000000000000000000000000000000000000000000000000000000000000019000016
102016737440001300051655051613176350 63003219906              213059838850000000000000000000000000000000000106071216213059838821305983885         15111600000000059902370045901000000000000000000000000000000000000000000000000000000000000000000000000000000000000000599000000000000000000000000000000000000000000000000000000000000000000000000000000000000000000000000000000000000000000000000000000019000017
102016737440001300051655051613176350 63003219925              213059840750000000000000000000000000000000000106071216213059840721305984075         15111600000000066792370133901000000000000000000000000000000000000000000000000000000000000000000000000000000000000000667900000000000000000000000000000000000000000000000000000000000000000000000000000000000000000000000000000000000000000000000000000019000018
102016737440001300051655051613176350 63003219975              213059845040000000000000000000000000000000000106071216213059845021305984504         15111600000000068732370228701000000000000000000000000000000000000000000000000000000000000000000000000000000000000000687300000000000000000000000000000000000000000000000000000000000000000000000000000000000000000000000000000000000000000000000000000019000019
102016737440001300051655051613176350 63003220775              213059907170000000000000000000000000000000000106071216213059907121305990717         15111600000000062782370280601000000000000000000000000000000000000000000000000000000000000000000000000000000000000000627800000000000000000000000000000000000000000000000000000000000000000000000000000000000000000000000000000000000000000000000000000019000020
102016737440001300051655051613176351 63003220784              213059907920000000000000000000000000000000000106071216213059907921305990792         15111600000000052961040019701000000000000000000000000000000000000000000000000000000000000000000000000000000000000000529600000000000000000000000000000000000000000000000000000000000000000000000000000000000000000000000000000000000000000000000000000019000021
102016737440001300051655051613176350 63003220983              213059925660000000000000000000000000000000000106071216213059925621305992566         15111600000000066832370713701000000000000000000000000000000000000000000000000000000000000000000000000000000000000000668300000000000000000000000000000000000000000000000000000000000000000000000000000000000000000000000000000000000000000000000000000019000022
102016737440001300051655051613176350 63003221014              213059928760000000000000000000000000000000000106071216213059928721305992876         15111600000000066302370713801000000000000000000000000000000000000000000000000000000000000000000000000000000000000000663000000000000000000000000000000000000000000000000000000000000000000000000000000000000000000000000000000000000000000000000000000019000023
102016737440001300051655051613176350 63003221192              213059944880000000000000000000000000000000000106071216213059944821305994488         15111600000000071832370043101000000000000000000000000000000000000000000000000000000000000000000000000000000000000000718300000000000000000000000000000000000000000000000000000000000000000000000000000000000000000000000000000000000000000000000000000019000024
102016737440001300051655051613176350 64003453085              213059998620000000000000000000000000000000000106071216213059998621305999862         15111600000000064862370159101000000000000000000000000000000000000000000000000000000000000000000000000000000000000000648600000000000000000000000000000000000000000000000000000000000000000000000000000000000000000000000000000000000000000000000000000019000025
102016737440001300051655051613176350 64003453165              213060004780000000000000000000000000000000000106071216213060004721306000478         15111600000000025492370344201000000000000000000000000000000000000000000000000000000000000000000000000000000000000000254900000000000000000000000000000000000000000000000000000000000000000000000000000000000000000000000000000000000000000000000000000019000026
102016737440001300051655051613176350 64003453957              213060073080000000000000000000000000000000000106071216213060073021306007308         15111600000000082572370303301000000000000000000000000000000000000000000000000000000000000000000000000000000000000000825700000000000000000000000000000000000000000000000000000000000000000000000000000000000000000000000000000000000000000000000000000019000027
102016737440001300051655051613176350 64003454505              213060119500000000000000000000000000000000000106071216213060119521306011950         15111600000000092892370218001000000000000000000000000000000000000000000000000000000000000000000000000000000000000000928900000000000000000000000000000000000000000000000000000000000000000000000000000000000000000000000000000000000000000000000000000019000028
102016737440001300051655051613176350 64003454830              213060147890000000000000000000000000000000000106071216213060147821306014789         15111600000000062852370218001000000000000000000000000000000000000000000000000000000000000000000000000000000000000000628500000000000000000000000000000000000000000000000000000000000000000000000000000000000000000000000000000000000000000000000000000019000029
102016737440001300051655051613176350 73002354256              213060216960000000000000000000000000000000000106071216213060216921306021696         15111600000000168332370561501000000000000000000000000000000000000000000000000000000000000000000000000000000000000001683300000000000000000000000000000000000000000000000000000000000000000000000000000000000000000000000000000000000000000000000000000019000030
102016737440001300051655051613176350 61004011183              213060267100000000000000000000000000000000000106071216213060267121306026710         20111600000000061332370308601000000000000000000000000000000000000000000000000000000000000000000000000000000000000000613300000000000000000000000000000000000000000000000000000000000000000000000000000000000000000000000000000000000000000000000000000019000031
102016737440001300051655051613176350 61004011224              213060271040000000000000000000000000000000000106071216213060271021306027104         20111600000000159022370703701000000000000000000000000000000000000000000000000000000000000000000000000000000000000001590200000000000000000000000000000000000000000000000000000000000000000000000000000000000000000000000000000000000000000000000000000019000032
102016737440001300051655051613176350 61004011235              213060272100000000000000000000000000000000000106071216213060272121306027210         20111600000000126822370218701000000000000000000000000000000000000000000000000000000000000000000000000000000000000001268200000000000000000000000000000000000000000000000000000000000000000000000000000000000000000000000000000000000000000000000000000019000033
102016737440001300051655051613176350 61004011454              213060289920000000000000000000000000000000000106071216213060289921306028992         20111600000000055932370308601000000000000000000000000000000000000000000000000000000000000000000000000000000000000000559300000000000000000000000000000000000000000000000000000000000000000000000000000000000000000000000000000000000000000000000000000019000034
102016737440001300051655051613176350 62002485388              213060299800000000000000000000000000000000000106071216213060299821306029980         20111600000000058882370711701000000000000000000000000000000000000000000000000000000000000000000000000000000000000000588800000000000000000000000000000000000000000000000000000000000000000000000000000000000000000000000000000000000000000000000000000019000035
102016737440001300051655051613176350 63003222076              213060318960000000000000000000000000000000000106071216213060318921306031896         20111600000000109172370713801000000000000000000000000000000000000000000000000000000000000000000000000000000000000001091700000000000000000000000000000000000000000000000000000000000000000000000000000000000000000000000000000000000000000000000000000019000036
102016737440001300051655051613176350 63003222320              213060337910000000000000000000000000000000000106071216213060337921306033791         20111600000000085802370713701000000000000000000000000000000000000000000000000000000000000000000000000000000000000000858000000000000000000000000000000000000000000000000000000000000000000000000000000000000000000000000000000000000000000000000000000019000037
102016737440001300051655051613176351 63003222863              213060382460000000000000000000000000000000000106071216213060382421306038246         20111600000000035281040202601000000000000000000000000000000000000000000000000000000000000000000000000000000000000000352800000000000000000000000000000000000000000000000000000000000000000000000000000000000000000000000000000000000000000000000000000019000038
102016737440001300051655051613176350 63003222895              213060385130000000000000000000000000000000000106071216213060385121306038513         20111600000000069902370133901000000000000000000000000000000000000000000000000000000000000000000000000000000000000000699000000000000000000000000000000000000000000000000000000000000000000000000000000000000000000000000000000000000000000000000000000019000039
102016737440001300051655051613176351 64003455618              213060404530000000000000000000000000000000000106071216213060404521306040453         20111600000000066090010225101000000000000000000000000000000000000000000000000000000000000000000000000000000000000000660900000000000000000000000000000000000000000000000000000000000000000000000000000000000000000000000000000000000000000000000000000019000040
102016737440001300051655051613176351 64003455878              213060426930000000000000000000000000000000000106071216213060426921306042693         20111600000000079541040164101000000000000000000000000000000000000000000000000000000000000000000000000000000000000000795400000000000000000000000000000000000000000000000000000000000000000000000000000000000000000000000000000000000000000000000000000019000041
102016737440001300051655051613176351 64003455909              213060429600000000000000000000000000000000000106071216213060429621306042960         20111600000000061401040153601000000000000000000000000000000000000000000000000000000000000000000000000000000000000000614000000000000000000000000000000000000000000000000000000000000000000000000000000000000000000000000000000000000000000000000000000019000042
102016737440001300051655051613176350 64003456362              213060468500000000000000000000000000000000000106071216213060468521306046850         20111600000000131612370383201000000000000000000000000000000000000000000000000000000000000000000000000000000000000001316100000000000000000000000000000000000000000000000000000000000000000000000000000000000000000000000000000000000000000000000000000019000043
102016737440001300051655051613176350 62002485745              213060553450000000000000000000000000000000000106071216213060553421306055345         25111600000000114962370711801000000000000000000000000000000000000000000000000000000000000000000000000000000000000001149600000000000000000000000000000000000000000000000000000000000000000000000000000000000000000000000000000000000000000000000000000019000044
102016737440001300051655051613176350 63003223119              213060565110000000000000000000000000000000000106071216213060565121306056511         25111600000000047902370278401000000000000000000000000000000000000000000000000000000000000000000000000000000000000000479000000000000000000000000000000000000000000000000000000000000000000000000000000000000000000000000000000000000000000000000000000019000045
102016737440001300051655051613176350 63003223609              213060578950000000000000000000000000000000000106071216213060578921306057895         25111600000000061382370713801000000000000000000000000000000000000000000000000000000000000000000000000000000000000000613800000000000000000000000000000000000000000000000000000000000000000000000000000000000000000000000000000000000000000000000000000019000046
102016737440001300051655051613176350 63003223795              213060587000000000000000000000000000000000000106071216213060587021306058700         25111600000000058902370713801000000000000000000000000000000000000000000000000000000000000000000000000000000000000000589000000000000000000000000000000000000000000000000000000000000000000000000000000000000000000000000000000000000000000000000000000019000047
102016737440001300051655051613176350 63003223814              213060588080000000000000000000000000000000000106071216213060588021306058808         25111600000000034902370043101000000000000000000000000000000000000000000000000000000000000000000000000000000000000000349000000000000000000000000000000000000000000000000000000000000000000000000000000000000000000000000000000000000000000000000000000019000048
102016737440001300051655051613176350 64003456979              213060606160000000000000000000000000000000000106071216213060606121306060616         25111600000000066832370042801000000000000000000000000000000000000000000000000000000000000000000000000000000000000000668300000000000000000000000000000000000000000000000000000000000000000000000000000000000000000000000000000000000000000000000000000019000049
102016737440001300051655051613176350 64003457480              213060627080000000000000000000000000000000000106071216213060627021306062708         25111600000000061002370347701000000000000000000000000000000000000000000000000000000000000000000000000000000000000000610000000000000000000000000000000000000000000000000000000000000000000000000000000000000000000000000000000000000000000000000000000019000050
102016737440001300051655051613176350 64003457686              213060635500000000000000000000000000000000000106071216213060635521306063550         25111600000000054252370218001000000000000000000000000000000000000000000000000000000000000000000000000000000000000000542500000000000000000000000000000000000000000000000000000000000000000000000000000000000000000000000000000000000000000000000000000019000051
102016737440001300051655051613176350 64003457767              213060637470000000000000000000000000000000000106071216213060637421306063747         25111600000000066792370344201000000000000000000000000000000000000000000000000000000000000000000000000000000000000000667900000000000000000000000000000000000000000000000000000000000000000000000000000000000000000000000000000000000000000000000000000019000052
102016737440001300051655051613176350 71003042014              213060652270000000000000000000000000000000000106071216213060652221306065227         25111600000000057182370320201000000000000000000000000000000000000000000000000000000000000000000000000000000000000000571800000000000000000000000000000000000000000000000000000000000000000000000000000000000000000000000000000000000000000000000000000019000053
102016737440001300051655051613176350 71003042020              213060652430000000000000000000000000000000000106071216213060652421306065243         25111600000000055222370105501000000000000000000000000000000000000000000000000000000000000000000000000000000000000000552200000000000000000000000000000000000000000000000000000000000000000000000000000000000000000000000000000000000000000000000000000019000054
102016737440001300051655051613176350 52003302164              213060673190000000000000000000000000000000000106071216213060673121306067319         01121600000000065132370276501000000000000000000000000000000000000000000000000000000000000000000000000000000000000000651300000000000000000000000000000000000000000000000000000000000000000000000000000000000000000000000000000000000000000000000000000019000055
102016737440001300051655051613176350 72002297315              213060688970000000000000000000000000000000000106071216213060688921306068897         01121600000000044552370159901000000000000000000000000000000000000000000000000000000000000000000000000000000000000000445500000000000000000000000000000000000000000000000000000000000000000000000000000000000000000000000000000000000000000000000000000019000056
102016737440001300051655051613176350 61004012314              213060697960000000000000000000000000000000000106071216213060697921306069796         05121600000000077342370251001000000000000000000000000000000000000000000000000000000000000000000000000000000000000000773400000000000000000000000000000000000000000000000000000000000000000000000000000000000000000000000000000000000000000000000000000019000057
102016737440001300051655051613176350 62002486694              213060702710000000000000000000000000000000000106071216213060702721306070271         05121600000000074902370203401000000000000000000000000000000000000000000000000000000000000000000000000000000000000000749000000000000000000000000000000000000000000000000000000000000000000000000000000000000000000000000000000000000000000000000000000019000058
102016737440001300051655051613176350 63003226907              213060718800000000000000000000000000000000000106071216213060718821306071880         05121600000000068472370133901000000000000000000000000000000000000000000000000000000000000000000000000000000000000000684700000000000000000000000000000000000000000000000000000000000000000000000000000000000000000000000000000000000000000000000000000019000059
102016737440001300051655051613176350 63003227113              213060721930000000000000000000000000000000000106071216213060721921306072193         05121600000000059902370688601000000000000000000000000000000000000000000000000000000000000000000000000000000000000000599000000000000000000000000000000000000000000000000000000000000000000000000000000000000000000000000000000000000000000000000000000019000060
102016737440001300051655051613176350 63003227744              213060734160000000000000000000000000000000000106071216213060734121306073416         05121600000000064902370175801000000000000000000000000000000000000000000000000000000000000000000000000000000000000000649000000000000000000000000000000000000000000000000000000000000000000000000000000000000000000000000000000000000000000000000000000019000061
102016737440001300051655051613176350 64003459758              213060739120000000000000000000000000000000000106071216213060739121306073912         05121600000000055372370704501000000000000000000000000000000000000000000000000000000000000000000000000000000000000000553700000000000000000000000000000000000000000000000000000000000000000000000000000000000000000000000000000000000000000000000000000019000062
102016737440001300051655051613176350 64003460116              213060747300000000000000000000000000000000000106071216213060747321306074730         05121600000000059902370303301000000000000000000000000000000000000000000000000000000000000000000000000000000000000000599000000000000000000000000000000000000000000000000000000000000000000000000000000000000000000000000000000000000000000000000000000019000063
102016737440001300051655051613176350 64003460255              213060750280000000000000000000000000000000000106071216213060750221306075028         05121600000000080842370042801000000000000000000000000000000000000000000000000000000000000000000000000000000000000000808400000000000000000000000000000000000000000000000000000000000000000000000000000000000000000000000000000000000000000000000000000019000064
102016737440001300051655051613176351 82002150879              213060768490000000000000000000000000000000000106071216213060768421306076849         05121600000000063171040047801000000000000000000000000000000000000000000000000000000000000000000000000000000000000000631700000000000000000000000000000000000000000000000000000000000000000000000000000000000000000000000000000000000000000000000000000019000065
102016737440001300051655051613176351 52003302818              213060777720000000000000000000000000000000000106071216213060777721306077772         10121600000000055161040208101000000000000000000000000000000000000000000000000000000000000000000000000000000000000000551600000000000000000000000000000000000000000000000000000000000000000000000000000000000000000000000000000000000000000000000000000019000066
102016737440001300051655051613176351 61004012975              213060793410000000000000000000000000000000000106071216213060793421306079341         10121600000000024900010294801000000000000000000000000000000000000000000000000000000000000000000000000000000000000000249000000000000000000000000000000000000000000000000000000000000000000000000000000000000000000000000000000000000000000000000000000019000067
102016737440001300051655051613176351 62002487284              213060809190000000000000000000000000000000000106071216213060809121306080919         10121600000000107761040088901000000000000000000000000000000000000000000000000000000000000000000000000000000000000001077600000000000000000000000000000000000000000000000000000000000000000000000000000000000000000000000000000000000000000000000000000019000068
102016737440001300051655051613176350 62002487554              213060817290000000000000000000000000000000000106071216213060817221306081729         10121600000000004292370209501000000000000000000000000000000000000000000000000000000000000000000000000000000000000000042900000000000000000000000000000000000000000000000000000000000000000000000000000000000000000000000000000000000000000000000000000019000069
102016737440001300051655051613176351 62002487691              213060820830000000000000000000000000000000000106071216213060820821306082083         10121600000000029901040467001000000000000000000000000000000000000000000000000000000000000000000000000000000000000000299000000000000000000000000000000000000000000000000000000000000000000000000000000000000000000000000000000000000000000000000000000019000070
102016737440001300051655051613176351 62002487773              213060823340000000000000000000000000000000000106071216213060823321306082334         10121600000000083820330422301000000000000000000000000000000000000000000000000000000000000000000000000000000000000000838200000000000000000000000000000000000000000000000000000000000000000000000000000000000000000000000000000000000000000000000000000019000071
102016737440001300051655051613176351 63003228431              213060835350000000000000000000000000000000000106071216213060835321306083535         10121600000000024903410915801000000000000000000000000000000000000000000000000000000000000000000000000000000000000000249000000000000000000000000000000000000000000000000000000000000000000000000000000000000000000000000000000000000000000000000000000019000072
102016737440001300051655051613176351 63003229457              213060864960000000000000000000000000000000000106071216213060864921306086496         10121600000000061711040206801000000000000000000000000000000000000000000000000000000000000000000000000000000000000000617100000000000000000000000000000000000000000000000000000000000000000000000000000000000000000000000000000000000000000000000000000019000073
102016737440001300051655051613176350 63003230284              213060888470000000000000000000000000000000000106071216213060888421306088847         10121600000000059452370043101000000000000000000000000000000000000000000000000000000000000000000000000000000000000000594500000000000000000000000000000000000000000000000000000000000000000000000000000000000000000000000000000000000000000000000000000019000074
102016737440001300051655051613176350 63003231022              213060913840000000000000000000000000000000000106071216213060913821306091384         10121600000000025392370713701000000000000000000000000000000000000000000000000000000000000000000000000000000000000000253900000000000000000000000000000000000000000000000000000000000000000000000000000000000000000000000000000000000000000000000000000019000075
102016737440001300051655051613176351 63003231047              213060914730000000000000000000000000000000000106071216213060914721306091473         10121600000000043613410992601000000000000000000000000000000000000000000000000000000000000000000000000000000000000000436100000000000000000000000000000000000000000000000000000000000000000000000000000000000000000000000000000000000000000000000000000019000076
102016737440001300051655051613176351 63003231097              213060916510000000000000000000000000000000000106071216213060916521306091651         10121600000000049903410608501000000000000000000000000000000000000000000000000000000000000000000000000000000000000000499000000000000000000000000000000000000000000000000000000000000000000000000000000000000000000000000000000000000000000000000000000019000077
102016737440001300051655051613176350 63003231462              213060928870000000000000000000000000000000000106071216213060928821306092887         10121600000000059842370280601000000000000000000000000000000000000000000000000000000000000000000000000000000000000000598400000000000000000000000000000000000000000000000000000000000000000000000000000000000000000000000000000000000000000000000000000019000078
102016737440001300051655051613176351 63003231550              213060932630000000000000000000000000000000000106071216213060932621306093263         10121600000000066883410722801000000000000000000000000000000000000000000000000000000000000000000000000000000000000000668800000000000000000000000000000000000000000000000000000000000000000000000000000000000000000000000000000000000000000000000000000019000079
102016737440001300051655051613176351 63003231657              213060937270000000000000000000000000000000000106071216213060937221306093727         10121600000000082071040019701000000000000000000000000000000000000000000000000000000000000000000000000000000000000000820700000000000000000000000000000000000000000000000000000000000000000000000000000000000000000000000000000000000000000000000000000019000080
102016737440001300051655051613176351 63003231913              213060945610000000000000000000000000000000000106071216213060945621306094561         10121600000000148573410936501000000000000000000000000000000000000000000000000000000000000000000000000000000000000001485700000000000000000000000000000000000000000000000000000000000000000000000000000000000000000000000000000000000000000000000000000019000081
102016737440001300051655051613176351 63003232420              213060960760000000000000000000000000000000000106071216213060960721306096076         10121600000000022911040019701000000000000000000000000000000000000000000000000000000000000000000000000000000000000000229100000000000000000000000000000000000000000000000000000000000000000000000000000000000000000000000000000000000000000000000000000019000082
102016737440001300051655051613176351 63003232423              213060960920000000000000000000000000000000000106071216213060960921306096092         10121600000000082811040401801000000000000000000000000000000000000000000000000000000000000000000000000000000000000000828100000000000000000000000000000000000000000000000000000000000000000000000000000000000000000000000000000000000000000000000000000019000083
102016737440001300051655051613176351 63003232671              213060970050000000000000000000000000000000000106071216213060970021306097005         10121600000000094683410743801000000000000000000000000000000000000000000000000000000000000000000000000000000000000000946800000000000000000000000000000000000000000000000000000000000000000000000000000000000000000000000000000000000000000000000000000019000084
102016737440001300051655051613176351 64003460772              213060979270000000000000000000000000000000000106071216213060979221306097927         10121600000000083821040241901000000000000000000000000000000000000000000000000000000000000000000000000000000000000000838200000000000000000000000000000000000000000000000000000000000000000000000000000000000000000000000000000000000000000000000000000019000085
102016737440001300051655051613176351 64003461325              213060991210000000000000000000000000000000000106071216213060991221306099121         10121600000000061421040251901000000000000000000000000000000000000000000000000000000000000000000000000000000000000000614200000000000000000000000000000000000000000000000000000000000000000000000000000000000000000000000000000000000000000000000000000019000086
102016737440001300051655051613176351 64003462078              213061013630000000000000000000000000000000000106071216213061013621306101363         10121600000000029900330444301000000000000000000000000000000000000000000000000000000000000000000000000000000000000000299000000000000000000000000000000000000000000000000000000000000000000000000000000000000000000000000000000000000000000000000000000019000087
102016737440001300051655051613176351 64003462132              213061015170000000000000000000000000000000000106071216213061015121306101517         10121600000000055711040369601000000000000000000000000000000000000000000000000000000000000000000000000000000000000000557100000000000000000000000000000000000000000000000000000000000000000000000000000000000000000000000000000000000000000000000000000019000088
102016737440001300051655051613176351 64003462187              213061017110000000000000000000000000000000000106071216213061017121306101711         10121600000000067210010834901000000000000000000000000000000000000000000000000000000000000000000000000000000000000000672100000000000000000000000000000000000000000000000000000000000000000000000000000000000000000000000000000000000000000000000000000019000089
102016737440001300051655051613176351 64003462323              213061020680000000000000000000000000000000000106071216213061020621306102068         10121600000000091952120000101000000000000000000000000000000000000000000000000000000000000000000000000000000000000000919500000000000000000000000000000000000000000000000000000000000000000000000000000000000000000000000000000000000000000000000000000019000090
102016737440001300051655051613176351 64003462481              213061025720000000000000000000000000000000000106071216213061025721306102572         10121600000000086961040153601000000000000000000000000000000000000000000000000000000000000000000000000000000000000000869600000000000000000000000000000000000000000000000000000000000000000000000000000000000000000000000000000000000000000000000000000019000091
102016737440001300051655051613176351 64003463230              213061043970000000000000000000000000000000000106071216213061043921306104397         10121600000000024901040153601000000000000000000000000000000000000000000000000000000000000000000000000000000000000000249000000000000000000000000000000000000000000000000000000000000000000000000000000000000000000000000000000000000000000000000000000019000092
102016737440001300051655051613176351 64003463777              213061057500000000000000000000000000000000000106071216213061057521306105750         10121600000000066641040012601000000000000000000000000000000000000000000000000000000000000000000000000000000000000000666400000000000000000000000000000000000000000000000000000000000000000000000000000000000000000000000000000000000000000000000000000019000093
102016737440001300051655051613176351 71003042791              213061070780000000000000000000000000000000000106071216213061070721306107078         10121600000000077940010484401000000000000000000000000000000000000000000000000000000000000000000000000000000000000000779400000000000000000000000000000000000000000000000000000000000000000000000000000000000000000000000000000000000000000000000000000019000094
102016737440001300051655051613176351 71003042830              213061072210000000000000000000000000000000000106071216213061072221306107221         10121600000000008810330077301000000000000000000000000000000000000000000000000000000000000000000000000000000000000000088100000000000000000000000000000000000000000000000000000000000000000000000000000000000000000000000000000000000000000000000000000019000095
102016737440001300051655051613176350 71003043183              213061081200000000000000000000000000000000000106071216213061081221306108120         10121600000000076052370320201000000000000000000000000000000000000000000000000000000000000000000000000000000000000000760500000000000000000000000000000000000000000000000000000000000000000000000000000000000000000000000000000000000000000000000000000019000096
102016737440001300051655051613176351 72002297548              213061087910000000000000000000000000000000000106071216213061087921306108791         10121600000000063673410486101000000000000000000000000000000000000000000000000000000000000000000000000000000000000000636700000000000000000000000000000000000000000000000000000000000000000000000000000000000000000000000000000000000000000000000000000019000097
102016737440001300051655051613176351 72002297598              213061088800000000000000000000000000000000000106071216213061088821306108880         10121600000000047901040004501000000000000000000000000000000000000000000000000000000000000000000000000000000000000000479000000000000000000000000000000000000000000000000000000000000000000000000000000000000000000000000000000000000000000000000000000019000098
102016737440001300051655051613176351 74002292186              213061099680000000000000000000000000000000000106071216213061099621306109968         10121600000000082161040094401000000000000000000000000000000000000000000000000000000000000000000000000000000000000000821600000000000000000000000000000000000000000000000000000000000000000000000000000000000000000000000000000000000000000000000000000019000099
102016737440001300051655051613176351 74002292201              213061099920000000000000000000000000000000000106071216213061099921306109992         10121600000000120281040065101000000000000000000000000000000000000000000000000000000000000000000000000000000000000001202800000000000000000000000000000000000000000000000000000000000000000000000000000000000000000000000000000000000000000000000000000019000100
102016737440001300051655051613176351 82002151355              213061118900000000000000000000000000000000000106071216213061118921306111890         10121600000000096801040047801000000000000000000000000000000000000000000000000000000000000000000000000000000000000000968000000000000000000000000000000000000000000000000000000000000000000000000000000000000000000000000000000000000000000000000000000019000101
102016737440001300051655051613176351 64003465047              213061130190000000000000000000000000000000000106071216213061130121306113019         11121600000000019550010313901000000000000000000000000000000000000000000000000000000000000000000000000000000000000000195500000000000000000000000000000000000000000000000000000000000000000000000000000000000000000000000000000000000000000000000000000019000102
102016737440001300051655051613176351 62002488404              213061156400000000000000000000000000000000000106071216213061156421306115640         15121600000000003801040088901000000000000000000000000000000000000000000000000000000000000000000000000000000000000000038000000000000000000000000000000000000000000000000000000000000000000000000000000000000000000000000000000000000000000000000000000019000103
102016737440001300051655051613176350 63003234192              213061176260000000000000000000000000000000000106071216213061176221306117626         15121600000000070922370713701000000000000000000000000000000000000000000000000000000000000000000000000000000000000000709200000000000000000000000000000000000000000000000000000000000000000000000000000000000000000000000000000000000000000000000000000019000104
102016737440001300051655051613176350 63003234386              213061181500000000000000000000000000000000000106071216213061181521306118150         15121600000000017972370043101000000000000000000000000000000000000000000000000000000000000000000000000000000000000000179700000000000000000000000000000000000000000000000000000000000000000000000000000000000000000000000000000000000000000000000000000019000105
102016737440001300051655051613176351 63003234950              213061196450000000000000000000000000000000000106071216213061196421306119645         15121600000000079901040401801000000000000000000000000000000000000000000000000000000000000000000000000000000000000000799000000000000000000000000000000000000000000000000000000000000000000000000000000000000000000000000000000000000000000000000000000019000106
102016737440001300051655051613176351 63003235992              213061229210000000000000000000000000000000000106071216213061229221306122921         15121600000000093491040019701000000000000000000000000000000000000000000000000000000000000000000000000000000000000000934900000000000000000000000000000000000000000000000000000000000000000000000000000000000000000000000000000000000000000000000000000019000107
102016737440001300051655051613176351 64003466009              213061259470000000000000000000000000000000000106071216213061259421306125947         15121600000000012571040012601000000000000000000000000000000000000000000000000000000000000000000000000000000000000000125700000000000000000000000000000000000000000000000000000000000000000000000000000000000000000000000000000000000000000000000000000019000108
102016737440001300051655051613176350 64003467097              213061291280000000000000000000000000000000000106071216213061291221306129128         15121600000000111022370344201000000000000000000000000000000000000000000000000000000000000000000000000000000000000001110200000000000000000000000000000000000000000000000000000000000000000000000000000000000000000000000000000000000000000000000000000019000109
102016737440001300051655051613176351 72002297808              213061308190000000000000000000000000000000000106071216213061308121306130819         15121600000000013471040004501000000000000000000000000000000000000000000000000000000000000000000000000000000000000000134700000000000000000000000000000000000000000000000000000000000000000000000000000000000000000000000000000000000000000000000000000019000110
102016737440001300051655051613176350 74002292580              213061316960000000000000000000000000000000000106071216213061316921306131696         15121600000000024902370251801000000000000000000000000000000000000000000000000000000000000000000000000000000000000000249000000000000000000000000000000000000000000000000000000000000000000000000000000000000000000000000000000000000000000000000000000019000111
102016737440001300051655051613176351 63003236739              213061357050000000000000000000000000000000000106071216213061357021306135705         20121600000000057901040401801000000000000000000000000000000000000000000000000000000000000000000000000000000000000000579000000000000000000000000000000000000000000000000000000000000000000000000000000000000000000000000000000000000000000000000000000019000112
102016737440001300051655051613176351 63003236917              213061362480000000000000000000000000000000000106071216213061362421306136248         20121600000000042900330335201000000000000000000000000000000000000000000000000000000000000000000000000000000000000000429000000000000000000000000000000000000000000000000000000000000000000000000000000000000000000000000000000000000000000000000000000019000113
102016737440001300051655051613176351 64003468193              213061403340000000000000000000000000000000000106071216213061403321306140334         20121600000000067801040012601000000000000000000000000000000000000000000000000000000000000000000000000000000000000000678000000000000000000000000000000000000000000000000000000000000000000000000000000000000000000000000000000000000000000000000000000019000114
102016737440001300051655051613176351 62002489234              213061457430000000000000000000000000000000000106071216213061457421306145743         25121600000000059901040088901000000000000000000000000000000000000000000000000000000000000000000000000000000000000000599000000000000000000000000000000000000000000000000000000000000000000000000000000000000000000000000000000000000000000000000000000019000115
102016737440001300051655051613176351 63003238248              213061487000000000000000000000000000000000000106071216213061487021306148700         25121600000000122991040150401000000000000000000000000000000000000000000000000000000000000000000000000000000000000001229900000000000000000000000000000000000000000000000000000000000000000000000000000000000000000000000000000000000000000000000000000019000116
102016737440001300051655051613176351 64003469007              213061509760000000000000000000000000000000000106071216213061509721306150976         25121600000000024901040251901000000000000000000000000000000000000000000000000000000000000000000000000000000000000000249000000000000000000000000000000000000000000000000000000000000000000000000000000000000000000000000000000000000000000000000000000019000117
102016737440001300051655051613176351 64003469391              213061525880000000000000000000000000000000000106071216213061525821306152588         25121600000000061361040306501000000000000000000000000000000000000000000000000000000000000000000000000000000000000000613600000000000000000000000000000000000000000000000000000000000000000000000000000000000000000000000000000000000000000000000000000019000118
102016737440001300051655051613176351 64003469485              213061529870000000000000000000000000000000000106071216213061529821306152987         25121600000000059901040306501000000000000000000000000000000000000000000000000000000000000000000000000000000000000000599000000000000000000000000000000000000000000000000000000000000000000000000000000000000000000000000000000000000000000000000000000019000119
102016737440001300051655051613176351 72002298083              213061572700000000000000000000000000000000000106071216213061572721306157270         25121600000000057290330077301000000000000000000000000000000000000000000000000000000000000000000000000000000000000000572900000000000000000000000000000000000000000000000000000000000000000000000000000000000000000000000000000000000000000000000000000019000120
102016737440001300051655051613176350                          213059762690000000000000000000000000000000000138071216          21305976269         00000000000000074902370219001000000000000000000000000000000000000000000000000000000000000000000000000000000000000000749000000000000000000000000000000000000000000000000000000000000000000000000000000000000000000000000000000000000000000000000000000019000121
9201399          0002110200000164678735                                                                                                                                                                                                                                                                                                                                                                   000122
