02RETORNO01COBRANCA       00000000000004069553MULTICABO TELEVISAO LTDA      237BRADESCO       0712160160000002286                                                                                                                                                                                                                                                                          071216         000001
1020227978500010900000020339100597007                         000000009100118312180000000000000000000000000217071216          00000000910011831218000000000000000955100103325  000000000000000000000000000000000000000000000000000000000000000000000000000000000000000955100000000000000000000000000   071216                 0000000000                                                                  000002
1020227978500010900000020339100597007                         000000009100118313310000000000000000000000000217071216          00000000910011831331000000000000000666210401695  000000000000000000000000000000000000000000000000000000000000000000000000000000000000000666200000000000000000000000000   071216                 0000000000                                                                  000003
1020227978500010900000020339100597007                         000000009100118313660000000000000000000000000217071216          00000000910011831366000000000000000125210402295  000000000000000000000000000000000000000000000000000000000000000000000000000000000000000125200000000000000000000000000   071216                 0000000000                                                                  000004
1020227978500010900000020339100597007                         000000009100118313900000000000000000000000000217071216          00000000910011831390000000000000010291800104042  000000000000000000000000000000000000000000000000000000000000000000000000000000000000010291800000000000000000000000000   071216                 0000000000                                                                  000005
1020227978500010900000020339100597007                         000000009100118314200000000000000000000000000217071216          00000000910011831420000000000000000399010401695  000000000000000000000000000000000000000000000000000000000000000000000000000000000000000399000000000000000000000000000   071216                 0000000000                                                                  000006
1020227978500010900000020339100597007                         000000009100118314390000000000000000000000000217071216          00000000910011831439000000000000000399010401695  000000000000000000000000000000000000000000000000000000000000000000000000000000000000000399000000000000000000000000000   071216                 0000000000                                                                  000007
1020227978500010900000020339100597007                         000000009100118314710000000000000000000000000217071216          00000000910011831471000000000000000100575600466  000000000000000000000000000000000000000000000000000000000000000000000000000000000000000100500000000000000000000000000   071216                 0000000000                                                                  000008
1020227978500010900000020339100597007                         000000009100118315010000000000000000000000000217071216          00000000910011831501000000000000000840600101216  000000000000000000000000000000000000000000000000000000000000000000000000000000000000000840600000000000000000000000000   071216                 0000000000                                                                  000009
9201237          000000000000000000000000002286          00000000000000000000000000000000000000000000000000000000000000000000000000000000000000000000000000000000000000000000000000000000000                                                                                                                                                                              00000000000000000000000         000010
