A22161806202576       TELEVISAO CIDADE S A341BANCO ITAU SA       2016120800274904DEBITO AUTOMATICO
F0000000000000000000539330720200000000126012201612070000000000080080062002486817                                                      2000141374687020
F0000000000000000000554205631800000000093181201612070000000000052900072002297395                                                      2000032153294500
F000000000000000000056770408770000000039080720161215000000000006167AT73002355500                                                      2000532862438680
F000000000000000000052497861480000000011850520161220000000000002712BD62002488941                                                      2000502735237910
F000000000000000000052497861480000000011850520161220000000000002712PE62002488941                                                      2000502735237910
F000000000000000000053086361480000000031045820161220000000000005709BD62002489032                                                      2000828108857530
F000000000000000000053086361480000000031045820161220000000000005709PE62002489032                                                      2000828108857530
F000000000000000000053426884460000000040318320161220000000000006490BD62002488865                                                      2000093301497070
F000000000000000000053426884460000000040318320161220000000000006490AT62002488865                                                      2000093301497070
F000000000000000000053545864320000000006319320161220000000000005439BD62002488960                                                      2000503812707000
F000000000000000000053545864320000000006319320161220000000000005439AT62002488960                                                      2000503812707000
F000000000000000000053599614440000000032920320161220000000000008200BD82002151855                                                      2000565405900910
F000000000000000000053599614440000000032920320161220000000000008200PE82002151855                                                      2000565405900910
F000000000000000000053646440540000000011607620161220000000000007029BD82002151856                                                      2000098688718830
F000000000000000000053646440540000000011607620161220000000000007029AT82002151856                                                      2000098688718830
F000000000000000000053765814440000000004227720161220000000000007500BD82002151862                                                      2000956230940150
F000000000000000000053765814440000000004227720161220000000000007500PE82002151862                                                      2000956230940150
F000000000000000000053901969520000000005934020161220000000000001347BD62002489054                                                      2000865695117340
F000000000000000000053901969520000000005934020161220000000000001347AT62002489054                                                      2000865695117340
F000000000000000000053960128980000000000558820161220000000000012576BD82002151850                                                      2000807490540340
F000000000000000000053960128980000000000558820161220000000000012576AT82002151850                                                      2000807490540340
F000000000000000000054587077690000000022612220161220000000000006490BD62002488928                                                      2000127220897420
F000000000000000000054587077690000000022612220161220000000000006490AT62002488928                                                      2000127220897420
F000000000000000000055002786320000000006284320161220000000000001639BD74002292660                                                      2000014327404070
F000000000000000000055002786320000000006284320161220000000000001639PE74002292660                                                      2000014327404070
F000000000000000000055086684790000000005494520161220000000000005672BD74002292664                                                      2000135952964000
F000000000000000000055086684790000000005494520161220000000000005672PE74002292664                                                      2000135952964000
F000000000000000000055460865790000000002563320161220000000000007061BD72002297903                                                      2000060549594760
F000000000000000000055460865790000000002563320161220000000000007061AT72002297903                                                      2000060549594760
F000000000000000000056643931630000000003898120161220000000000029695BD64003467728                                                      2000329121026340
F000000000000000000056643931630000000003898120161220000000000029695AT64003467728                                                      2000329121026340
F000000000000000000056814031720000000001345420161220000000000007190BD64003468322                                                      2000334424446910
F000000000000000000056814031720000000001345420161220000000000007190AT64003468322                                                      2000334424446910
F000000000000000000058621266990000000005727620161220000000000005413BD64003468016                                                      2000453803926870
F000000000000000000058621266990000000005727620161220000000000005413AT64003468016                                                      2000453803926870
F000000000000000000058780191690000000035300120161220000000000010547BD64003467610                                                      2000051879266830
F000000000000000000058780191690000000035300120161220000000000010547PE64003467610                                                      2000051879266830
F000000000000000000059033603520000000084980620161220000000000007584BD64003468308                                                      2000987607776720
F000000000000000000059033603520000000084980620161220000000000007584AT64003468308                                                      2000987607776720
F000000000000000000059760903520000000098661620161220000000000002990BD64003468014                                                      2000610938746000
F000000000000000000059760903520000000098661620161220000000000002990AT64003468014                                                      2000610938746000
F000000000000000000059881444510000000003177920161220000000000004929BD64003468382                                                      2000017934406460
F000000000000000000059881444510000000003177920161220000000000004929PE64003468382                                                      2000017934406460
F000000000000000000060694891690000000035666520161220000000000006629BD64003467967                                                      2000958290246910
F000000000000000000060694891690000000035666520161220000000000006629AT64003467967                                                      2000958290246910
F000000000000000000060740603520000000081622720161220000000000007805BD64003468511                                                      2000717031106250
F000000000000000000060740603520000000081622720161220000000000007805PE64003468511                                                      2000717031106250
F000000000000000000060910291690000000008586820161220000000000005990BD64003467950                                                      2000530429727040
F000000000000000000060910291690000000008586820161220000000000005990AT64003467950                                                      2000530429727040
F000000000000000000061051766990000000015738120161220000000000004490BD64003468352                                                      2000007032381080
F000000000000000000061051766990000000015738120161220000000000004490PE64003468352                                                      2000007032381080
F000000000000000000061157903370000000053154520161220000000000006695BD63003236811                                                      2000469386487000
F000000000000000000061157903370000000053154520161220000000000006695AT63003236811                                                      2000469386487000
F000000000000000000061316161830000000022343420161220000000000013404BD63003237288                                                      2000003766937030
F000000000000000000061316161830000000022343420161220000000000013404AT63003237288                                                      2000003766937030
F000000000000000000061797661830000000012394920161220000000000008158BD63003236838                                                      2000000192297120
F000000000000000000061797661830000000012394920161220000000000008158PE63003236838                                                      2000000192297120
F000000000000000000061910274380000000011700920161220000000000005537BD63003236706                                                      2000723075017200
F000000000000000000061910274380000000011700920161220000000000005537PE63003236706                                                      2000723075017200
F000000000000000000062082961840000000001316420161220000000000004642BD63003236560                                                      2000253633957200
F000000000000000000062082961840000000001316420161220000000000004642PE63003236560                                                      2000253633957200
F000000000000000000062363061830000000002354520161220000000000008296BD63003236848                                                      2000497790527040
F000000000000000000062363061830000000002354520161220000000000008296AT63003236848                                                      2000497790527040
F000000000000000000062913761840000000005930820161220000000000014714BD63003237061                                                      2000893686307040
F000000000000000000062913761840000000005930820161220000000000014714PE63003237061                                                      2000893686307040
F000000000000000000063123703370000000000675320161220000000000005572BD63003237073                                                      2000048082157720
F000000000000000000063123703370000000000675320161220000000000005572AT63003237073                                                      2000048082157720
F000000000000000000063146403370000000045310420161220000000000008513BD63003236871                                                      2000777415877490
F000000000000000000063146403370000000045310420161220000000000008513PE63003236871                                                      2000777415877490
F000000000000000000063259991580000000036104920161220000000000007290BD63003236653                                                      2000104875557670
F000000000000000000063259991580000000036104920161220000000000007290AT63003236653                                                      2000104875557670
F000000000000000000063856703370000000066698620161220000000000005990BD63003236628                                                      2000077098507660
F000000000000000000063856703370000000066698620161220000000000005990AT63003236628                                                      2000077098507660
F000000000000000000063942874380000000018976820161220000000000007183BD63003237319                                                      2000000124807380
F000000000000000000063942874380000000018976820161220000000000007183AT63003237319                                                      2000000124807380
F000000000000000000064180174380000000000160920161220000000000006627BD63003236647                                                      2000056305087090
F000000000000000000064180174380000000000160920161220000000000006627AT63003236647                                                      2000056305087090
F000000000000000000089047293640000000006580620161220000000000010990BD52003303736                                                      2000358873465150
F000000000000000000089047293640000000006580620161220000000000010990PE52003303736                                                      2000358873465150
F000000000000000000126270545660000000011001320161220000000000012005BD61004014092                                                      2000006568077410
F000000000000000000126270545660000000011001320161220000000000012005PE61004014092                                                      2000006568077410
F000000000000000000129311345660000000015018320161220000000000003490BD61004014153                                                      2000519818667870
F000000000000000000129311345660000000015018320161220000000000003490PE61004014153                                                      2000519818667870
F0000000000000000000537977110300000000088512201612200000000000051169962002488859                                                      2000054769567510
F0000000000000000000538633720200000000081902201612200000000000055649962002488953                                                      2000481691967870
F0000000000000000000609363445100000000177044201612200000000000061284964003468075                                                      2000081997156180
F0000000000000000000611589698000000000044421201612200000000000034909964003468239                                                      2000234716626340
F0000000000000000000623676618300000000023578201612200000000000019909963003236844                                                      2000615395627000
F0000000000000000000629812743800000000127859201612200000000000055529963003237033                                                      2000107632277810
F000000000000000000063114403370000000085612420161220000000000008080RC63003236756                                                      2000046407017130
F0000000000000000000637400619400000000284243201612200000000000059664963003236583                                                      2000404361118880
F000000000000000000001596169800000000001527220161225000000000024070BD64003469188                                                      2000283444806040
F000000000000000000001596169800000000001527220161225000000000024070AT64003469188                                                      2000283444806040
F000000000000000000003649731220000000004147220161225000000000028330BD64003469131                                                      2000222632096200
F000000000000000000003649731220000000004147220161225000000000028330AT64003469131                                                      2000222632096200
F000000000000000000009825460770000000002001120161225000000000007919BD62002489540                                                      2000278959637910
F000000000000000000009825460770000000002001120161225000000000007919AT62002489540                                                      2000278959637910
F000000000000000000050326061830000000003810520161225000000000016270BD63003238139                                                      2000207897937680
F000000000000000000050326061830000000003810520161225000000000016270AT63003238139                                                      2000207897937680
F000000000000000000052796392750000000009705420161225000000000012380BD62002489226                                                      2000676230937200
F000000000000000000052796392750000000009705420161225000000000012380AT62002489226                                                      2000676230937200
F000000000000000000052941085750000000010880120161225000000000003990BD62002489350                                                      2000888608847720
F000000000000000000052941085750000000010880120161225000000000003990AT62002489350                                                      2000888608847720
F000000000000000000053213207330000000033324920161225000000000006786BD62002489475                                                      2000805152157910
F000000000000000000053213207330000000033324920161225000000000006786AT62002489475                                                      2000805152157910
F000000000000000000053373868950000000009892620161225000000000005065BD62002489431                                                      2000076388907520
F000000000000000000053373868950000000009892620161225000000000005065PE62002489431                                                      2000076388907520
F000000000000000000053629061840000000000580620161225000000000011351BD63003238276                                                      2000654432507440
F000000000000000000053629061840000000000580620161225000000000011351AT63003238276                                                      2000654432507440
F000000000000000000053660714440000000019025820161225000000000009854BD82002152082                                                      2000487755920530
F000000000000000000053660714440000000019025820161225000000000009854AT82002152082                                                      2000487755920530
F000000000000000000053662614440000000032151520161225000000000006990BD82002152118                                                      2000898968820530
F000000000000000000053662614440000000032151520161225000000000006990AT82002152118                                                      2000898968820530
F000000000000000000053722514440000000029992720161225000000000012501BD82002152086                                                      2000963385470910
F000000000000000000053722514440000000029992720161225000000000012501AT82002152086                                                      2000963385470910
F000000000000000000053827269520000000001430320161225000000000003396BD62002489513                                                      2000026484767920
F000000000000000000053827269520000000001430320161225000000000003396AT62002489513                                                      2000026484767920
F000000000000000000054073756130000000028293720161225000000000003979BD82002152112                                                      2000028625180930
F000000000000000000054073756130000000028293720161225000000000003979AT82002152112                                                      2000028625180930
F000000000000000000054099664080000000023299620161225000000000010588BD62002489307                                                      2000102334457220
F000000000000000000054099664080000000023299620161225000000000010588PE62002489307                                                      2000102334457220
F000000000000000000054453260780000000048712820161225000000000007995BD62002489428                                                      2000036522886960
F000000000000000000054453260780000000048712820161225000000000007995PE62002489428                                                      2000036522886960
F000000000000000000054763066320000000003785620161225000000000005316BD74002292788                                                      2000335625474040
F000000000000000000054763066320000000003785620161225000000000005316PE74002292788                                                      2000335625474040
F000000000000000000054770092510000000007065320161225000000000005021BD74002292849                                                      2000019197174040
F000000000000000000054770092510000000007065320161225000000000005021AT74002292849                                                      2000019197174040
F000000000000000000054999940940000000008744420161225000000000008508BD72002298050                                                      2000773359534720
F000000000000000000054999940940000000008744420161225000000000008508AT72002298050                                                      2000773359534720
F000000000000000000055037083100000000007309620161225000000000007438BD72002298000                                                      2000499984714000
F000000000000000000055037083100000000007309620161225000000000007438PE72002298000                                                      2000499984714000
F000000000000000000055277006620000000000710320161225000000000005411BD74002292887                                                      2000007750494170
F000000000000000000055277006620000000000710320161225000000000005411PE74002292887                                                      2000007750494170
F000000000000000000056038308770000000026921720161225000000000012825BD73002355813                                                      2000352647484200
F000000000000000000056038308770000000026921720161225000000000012825AT73002355813                                                      2000352647484200
F000000000000000000056040474770000000004794320161225000000000022957BD73002355818                                                      2000023164803060
F000000000000000000056040474770000000004794320161225000000000022957AT73002355818                                                      2000023164803060
F000000000000000000056187563180000000021138720161225000000000002490BD73002355830                                                      2000905886814150
F000000000000000000056187563180000000021138720161225000000000002490AT73002355830                                                      2000905886814150
F000000000000000000056272983020000000021064920161225000000000006006BD73002355890                                                      2000058694444380
F000000000000000000056272983020000000021064920161225000000000006006AT73002355890                                                      2000058694444380
F000000000000000000056576931630000000001421420161225000000000014758BD64003469912                                                      2000510722466000
F000000000000000000056576931630000000001421420161225000000000014758AT64003469912                                                      2000510722466000
F000000000000000000056637892510000000008566920161225000000000006469BD73002355794                                                      2000035771034770
F000000000000000000056637892510000000008566920161225000000000006469AT73002355794                                                      2000035771034770
F000000000000000000056935663660000000010971520161225000000000014570BD64003470171                                                      2000028886036590
F000000000000000000056935663660000000010971520161225000000000014570AT64003470171                                                      2000028886036590
F000000000000000000057803991690000000008493720161225000000000005022BD64003470166                                                      2000898960096000
F000000000000000000057803991690000000008493720161225000000000005022AT64003470166                                                      2000898960096000
F000000000000000000057914100590000000058916820161225000000000019279BD61004014467                                                      2000366688267680
F000000000000000000057914100590000000058916820161225000000000019279AT61004014467                                                      2000366688267680
F000000000000000000057943149800000000001948520161225000000000004280BD64003470142                                                      2000886153246200
F000000000000000000057943149800000000001948520161225000000000004280AT64003470142                                                      2000886153246200
F000000000000000000057969061830000000021149620161225000000000015561BD63003238744                                                      2000541899506530
F000000000000000000057969061830000000021149620161225000000000015561AT63003238744                                                      2000541899506530
F000000000000000000057970903670000000044565720161225000000000007090BD64003469685                                                      2000109656208160
F000000000000000000057970903670000000044565720161225000000000007090AT64003469685                                                      2000109656208160
F000000000000000000058144431630000000009922320161225000000000001990BD64003469666                                                      2000817064056340
F000000000000000000058144431630000000009922320161225000000000001990AT64003469666                                                      2000817064056340
F000000000000000000058843103520000000001986320161225000000000012840BD64003469696                                                      2000805858096150
F000000000000000000058843103520000000001986320161225000000000012840AT64003469696                                                      2000805858096150
F000000000000000000058964631720000000018000620161225000000000005990BD64003469185                                                      2000805408806040
F000000000000000000058964631720000000018000620161225000000000005990PE64003469185                                                      2000805408806040
F000000000000000000059152831630000000041587420161225000000000005361BD64003469121                                                      2000012625076690
F000000000000000000059152831630000000041587420161225000000000005361PE64003469121                                                      2000012625076690
F000000000000000000059280331220000000034688920161225000000000014636BD64003469181                                                      2000546436946530
F000000000000000000059280331220000000034688920161225000000000014636AT64003469181                                                      2000546436946530
F000000000000000000059376769800000000002160120161225000000000006188BD64003469096                                                      2000026776667070
F000000000000000000059376769800000000002160120161225000000000006188AT64003469096                                                      2000026776667070
F000000000000000000059671031630000000034420720161225000000000005490BD64003469143                                                      2000475626766150
F000000000000000000059671031630000000034420720161225000000000005490PE64003469143                                                      2000475626766150
F000000000000000000059752631090000000046630420161225000000000004087BD64003469471                                                      2000094698496470
F000000000000000000059752631090000000046630420161225000000000004087AT64003469471                                                      2000094698496470
F000000000000000000059820291690000000020983120161225000000000013074BD64003469892                                                      2000069412626800
F000000000000000000059820291690000000020983120161225000000000013074PE64003469892                                                      2000069412626800
F000000000000000000060070931220000000029773620161225000000000007765BD64003469807                                                      2000421423776530
F000000000000000000060070931220000000029773620161225000000000007765PE64003469807                                                      2000421423776530
F000000000000000000060303731720000000017934720161225000000000006627BD64003469324                                                      2000584510136000
F000000000000000000060303731720000000017934720161225000000000006627PE64003469324                                                      2000584510136000
F000000000000000000060477431220000000026564220161225000000000003618BD64003469467                                                      2000004629996370
F000000000000000000060477431220000000026564220161225000000000003618PE64003469467                                                      2000004629996370
F000000000000000000060584763660000000003045720161225000000000005101BD64003469885                                                      2000024991466210
F000000000000000000060584763660000000003045720161225000000000005101PE64003469885                                                      2000024991466210
F000000000000000000060647693390000000009246320161225000000000002490BD63003237996                                                      2000899272067040
F000000000000000000060647693390000000009246320161225000000000002490AT63003237996                                                      2000899272067040
F000000000000000000060652202410000000039640720161225000000000007734BD64003469466                                                      2000330108896150
F000000000000000000060652202410000000039640720161225000000000007734AT64003469466                                                      2000330108896150
F000000000000000000061910703370000000029794920161225000000000014485BD63003238051                                                      2000751519107440
F000000000000000000061910703370000000029794920161225000000000014485AT63003238051                                                      2000751519107440
F000000000000000000061959593390000000001993820161225000000000006275BD63003238091                                                      2000097420987270
F000000000000000000061959593390000000001993820161225000000000006275AT63003238091                                                      2000097420987270
F000000000000000000062014003370000000019118320161225000000000007844BD63003238190                                                      2000829175747040
F000000000000000000062014003370000000019118320161225000000000007844AT63003238190                                                      2000829175747040
F000000000000000000062094493390000000000937620161225000000000008490BD63003238099                                                      2000003217367960
F000000000000000000062094493390000000000937620161225000000000008490PE63003238099                                                      2000003217367960
F000000000000000000062129393390000000007308320161225000000000005840BD63003238756                                                      2000078438857140
F000000000000000000062129393390000000007308320161225000000000005840PE63003238756                                                      2000078438857140
F000000000000000000062209861830000000002130920161225000000000005093BD63003238559                                                      2000453091247720
F000000000000000000062209861830000000002130920161225000000000005093AT63003238559                                                      2000453091247720
F000000000000000000062237961840000000014700420161225000000000016230BD63003238102                                                      2000032952247730
F000000000000000000062237961840000000014700420161225000000000016230AT63003238102                                                      2000032952247730
F000000000000000000062251903370000000059041820161225000000000013599BD63003238236                                                      2000074582647480
F000000000000000000062251903370000000059041820161225000000000013599AT63003238236                                                      2000074582647480
F000000000000000000062296561830000000010073120161225000000000007737BD63003238558                                                      2000762625967040
F000000000000000000062296561830000000010073120161225000000000007737AT63003238558                                                      2000762625967040
F000000000000000000062326761050000000004827320161225000000000003440BD63003237825                                                      2000232370587340
F000000000000000000062326761050000000004827320161225000000000003440AT63003237825                                                      2000232370587340
F000000000000000000062347374380000000009184020161225000000000004819BD63003238649                                                      2000208648764910
F000000000000000000062347374380000000009184020161225000000000004819AT63003238649                                                      2000208648764910
F000000000000000000062352074380000000009469520161225000000000005340BD63003237926                                                      2000000222487900
F000000000000000000062352074380000000009469520161225000000000005340AT63003237926                                                      2000000222487900
F000000000000000000062366803370000000010980520161225000000000005290BD63003238246                                                      2000106065877130
F000000000000000000062366803370000000010980520161225000000000005290AT63003238246                                                      2000106065877130
F000000000000000000062384774380000000002085620161225000000000006990BD63003238243                                                      2000579548606040
F000000000000000000062384774380000000002085620161225000000000006990AT63003238243                                                      2000579548606040
F000000000000000000062457161830000000007479520161225000000000007230BD63003237925                                                      2000072863607790
F000000000000000000062457161830000000007479520161225000000000007230PE63003237925                                                      2000072863607790
F000000000000000000062475061840000000001681120161225000000000012812BD63003237891                                                      2000041747077070
F000000000000000000062475061840000000001681120161225000000000012812PE63003237891                                                      2000041747077070
F000000000000000000062510391580000000008447620161225000000000005271BD63003238700                                                      2000177377377150
F000000000000000000062510391580000000008447620161225000000000005271AT63003238700                                                      2000177377377150
F000000000000000000062651593390000000008629120161225000000000003490BD63003238483                                                      2000305507507200
F000000000000000000062651593390000000008629120161225000000000003490AT63003238483                                                      2000305507507200
F000000000000000000062697061830000000002611820161225000000000004790BD63003238245                                                      2000918606107060
F000000000000000000062697061830000000002611820161225000000000004790AT63003238245                                                      2000918606107060
F000000000000000000062812093390000000008556620161225000000000002490BD63003238156                                                      2000035173907630
F000000000000000000062812093390000000008556620161225000000000002490AT63003238156                                                      2000035173907630
F000000000000000000062813748400000000000423020161225000000000004519BD63003238175                                                      2000085916787960
F000000000000000000062813748400000000000423020161225000000000004519AT63003238175                                                      2000085916787960
F000000000000000000062817979700000000001769020161225000000000005447BD63003237924                                                      2000056171577790
F000000000000000000062817979700000000001769020161225000000000005447AT63003237924                                                      2000056171577790
F000000000000000000062943961830000000025823220161225000000000002830BD63003238615                                                      2000056425437170
F000000000000000000062943961830000000025823220161225000000000002830PE63003238615                                                      2000056425437170
F000000000000000000063109291580000000006778620161225000000000006625BD63003238461                                                      2000021171847580
F000000000000000000063109291580000000006778620161225000000000006625PE63003238461                                                      2000021171847580
F000000000000000000063112674380000000008872120161225000000000011129BD63003238150                                                      2000007346147480
F000000000000000000063112674380000000008872120161225000000000011129PE63003238150                                                      2000007346147480
F000000000000000000063317074380000000006520820161225000000000008130BD63003237882                                                      2000081183137000
F000000000000000000063317074380000000006520820161225000000000008130AT63003237882                                                      2000081183137000
F000000000000000000063354561840000000001553220161225000000000007636BD63003237879                                                      2000820746747910
F000000000000000000063354561840000000001553220161225000000000007636PE63003237879                                                      2000820746747910
F000000000000000000063393874380000000016546120161225000000000011321BD63003238148                                                      2000427949947000
F000000000000000000063393874380000000016546120161225000000000011321AT63003238148                                                      2000427949947000
F000000000000000000063515606880000000007383220161225000000000008382BD63003238541                                                      2000135781597270
F000000000000000000063515606880000000007383220161225000000000008382AT63003238541                                                      2000135781597270
F000000000000000000063636245700000000014725820161225000000000008793BD63003238735                                                      2000104672497500
F000000000000000000063636245700000000014725820161225000000000008793AT63003238735                                                      2000104672497500
F000000000000000000063703993390000000008292820161225000000000008990BD63003238502                                                      2000873709727040
F000000000000000000063703993390000000008292820161225000000000008990AT63003238502                                                      2000873709727040
F000000000000000000063902460910000000022042320161225000000000006131BD63003238077                                                      2000089124057800
F000000000000000000063902460910000000022042320161225000000000006131PE63003238077                                                      2000089124057800
F000000000000000000064045691580000000021851220161225000000000007727BD63003238552                                                      2000028709088490
F000000000000000000064045691580000000021851220161225000000000007727AT63003238552                                                      2000028709088490
F000000000000000000064108660850000000003770020161225000000000003893BD63003238144                                                      2000391466187910
F000000000000000000064108660850000000003770020161225000000000003893AT63003238144                                                      2000391466187910
F000000000000000000064115703370000000071779720161225000000000007844BD63003237908                                                      2000060545126500
F000000000000000000064115703370000000071779720161225000000000007844PE63003237908                                                      2000060545126500
F000000000000000000064179791580000000006722420161225000000000008840BD63003238433                                                      2000337519277000
F000000000000000000064179791580000000006722420161225000000000008840AT63003238433                                                      2000337519277000
F000000000000000000064462961830000000034161620161225000000000005990BD63003237835                                                      2000055966197520
F000000000000000000064462961830000000034161620161225000000000005990AT63003237835                                                      2000055966197520
F000000000000000000089470192950000000010042520161225000000000019327BD52003304013                                                      2000585392985200
F000000000000000000089470192950000000010042520161225000000000019327PE52003304013                                                      2000585392985200
F000000000000000000092005332110000000022825320161225000000000003861BD71003044306                                                      2000038232714400
F000000000000000000092005332110000000022825320161225000000000003861AT71003044306                                                      2000038232714400
F000000000000000000092851383230000000006822420161225000000000005990BD71003044244                                                      2000024031154010
F000000000000000000092851383230000000006822420161225000000000005990AT71003044244                                                      2000024031154010
F000000000000000000127954503010000000013055520161225000000000011880BD61004014457                                                      2000071684327700
F000000000000000000127954503010000000013055520161225000000000011880PE61004014457                                                      2000071684327700
F000000000000000000128198760230000000000276620161225000000000010617BD61004014461                                                      2000281584747720
F000000000000000000128198760230000000000276620161225000000000010617AT61004014461                                                      2000281584747720
F000000000000000000128321262190000000000242220161225000000000016020BD61004014418                                                      2000306570327000
F000000000000000000128321262190000000000242220161225000000000016020AT61004014418                                                      2000306570327000
F000000000000000000128356945510000000000639020161225000000000005685BD61004014445                                                      2000172583837000
F000000000000000000128356945510000000000639020161225000000000005685AT61004014445                                                      2000172583837000
F000000000000000000128481871770000000001048020161225000000000006310BD61004014514                                                      2000087548947860
F000000000000000000128481871770000000001048020161225000000000006310PE61004014514                                                      2000087548947860
F000000000000000000128610371940000000013382820161225000000000004290BD61004014469                                                      2000954411827680
F000000000000000000128610371940000000013382820161225000000000004290AT61004014469                                                      2000954411827680
F000000000000000000128792368690000000004986320161225000000000013581BD61004014390                                                      2000036829267390
F000000000000000000128792368690000000004986320161225000000000013581PE61004014390                                                      2000036829267390
F000000000000000000129294893220000000013350620161225000000000005990BD61004014531                                                      2000003112547640
F000000000000000000129294893220000000013350620161225000000000005990PE61004014531                                                      2000003112547640
F0000000000000000000003980445100000000014114201612250000000000106849964003469646                                                      2000330367216490
F0000000000000000000539476456600000000086296201612250000000000155209961004014539                                                      2000783976857150
F0000000000000000000630994068100000000507299201612250000000000054909963003237915                                                      2000026684797890
F000000000000000000128946571770000000007082320161225000000000009449RC61004014565                                                      2000018440257300
F0000000000000000001289611686900000000075397201612250000000000077349961004014479                                                      2000097638187700
Z00029000000000002336270
