A22162606202584       CABLE BAHIA LTDA    341BANCO ITAU SA       2016120800231404DEBITO AUTOMATICO                                                    
F000000000000000000056465982330000000024681120161220000000000005290BD53002222307                                                      2000047250725750
F000000000000000000056465982330000000024681120161220000000000005290PE53002222307                                                      2000047250725750
F000000000000000000131370685280000000009636820161220000000000005441BD51004689512                                                      2000015482255840
F000000000000000000131370685280000000009636820161220000000000005441AT51004689512                                                      2000015482255840
F000000000000000000131522681290000000012949320161220000000000008367BD51004689622                                                      2000188419535000
F000000000000000000131522681290000000012949320161220000000000008367AT51004689622                                                      2000188419535000
F000000000000000000131613532410000000019277620161220000000000007495BD51004689526                                                      2000830590915870
F000000000000000000131613532410000000019277620161220000000000007495AT51004689526                                                      2000830590915870
F000000000000000000134334576540000000001027620161220000000000009490BD51004689644                                                      2000957053095200
F000000000000000000134334576540000000001027620161220000000000009490AT51004689644                                                      2000957053095200
F0000000000000000001343340815000000000211673201612200000000000069904951004689415                                                      2000051816785210
F000000000000000000002988081500000000009066320161225000000000012253BD51004690752                                                      2000024305095040
F000000000000000000002988081500000000009066320161225000000000012253AT51004690752                                                      2000024305095040
F000000000000000000014409417900000000000319620161225000000000014616BD51004690379                                                      2000148798914870
F000000000000000000014409417900000000000319620161225000000000014616AT51004690379                                                      2000148798914870
F000000000000000000024107303340000000000091620161225000000000010183BD51004690712                                                      2000033229638530
F000000000000000000024107303340000000000091620161225000000000010183PE51004690712                                                      2000033229638530
F000000000000000000024693838880000000023707420161225000000000018269BD51004690357                                                      2000054291105150
F000000000000000000024693838880000000023707420161225000000000018269AT51004690357                                                      2000054291105150
F000000000000000000056519388830000000000640820161225000000000007961BD53002222624                                                      2000360547125000
F000000000000000000056519388830000000000640820161225000000000007961PE53002222624                                                      2000360547125000
F000000000000000000056554682330000000005962820161225000000000006562BD53002222635                                                      2000137832625340
F000000000000000000056554682330000000005962820161225000000000006562AT53002222635                                                      2000137832625340
F000000000000000000125402093490000000013488320161225000000000006813BD51004690280                                                      2000043791955200
F000000000000000000125402093490000000013488320161225000000000006813AT51004690280                                                      2000043791955200
F000000000000000000126491363980000000000993320161225000000000006517BD51004690377                                                      2000147813445340
F000000000000000000126491363980000000000993320161225000000000006517AT51004690377                                                      2000147813445340
F000000000000000000126907620570000000026644320161225000000000018952BD51004690271                                                      2000271066165910
F000000000000000000126907620570000000026644320161225000000000018952PE51004690271                                                      2000271066165910
F000000000000000000129813815100000000017598520161225000000000002834BD51004690101                                                      2000282173905250
F000000000000000000129813815100000000017598520161225000000000002834PE51004690101                                                      2000282173905250
F000000000000000000130427581500000000000963020161225000000000003896BD51004690627                                                      2000682866355150
F000000000000000000130427581500000000000963020161225000000000003896PE51004690627                                                      2000682866355150
F000000000000000000130790972250000000006078420161225000000000008141BD51004690820                                                      2000020264185600
F000000000000000000130790972250000000006078420161225000000000008141AT51004690820                                                      2000020264185600
F000000000000000000131005638880000000008650520161225000000000015077BD51004690543                                                      2000190842345530
F000000000000000000131005638880000000008650520161225000000000015077AT51004690543                                                      2000190842345530
F000000000000000000131055320570000000028782920161225000000000007680BD51004690859                                                      2000019474175330
F000000000000000000131055320570000000028782920161225000000000007680AT51004690859                                                      2000019474175330
F000000000000000000132068207050000000068197120161225000000000007508BD51004690518                                                      2000512392565150
F000000000000000000132068207050000000068197120161225000000000007508PE51004690518                                                      2000512392565150
F000000000000000000132791365470000000011411320161225000000000008865BD51004690175                                                      2000237265125000
F000000000000000000132791365470000000011411320161225000000000008865PE51004690175                                                      2000237265125000
F000000000000000000134015520570000000024274120161225000000000005429BD51004690810                                                      2000783341875720
F000000000000000000134015520570000000024274120161225000000000005429AT51004690810                                                      2000783341875720
F000000000000000000134175385280000000007464720161225000000000007835BD51004690581                                                      2000059133495040
F000000000000000000134175385280000000007464720161225000000000007835AT51004690581                                                      2000059133495040
Z00004900000000000417938                                                                                                                              
