02RETORNO01COBRANCA       004545504540670092  MULTICABO TELEVISAO LTDA      399HSBC           07121601600BPI           081216                                                                                                                                                                                                                                                                       00959 000001
102022797850001090045455045406700921 91001182319              231703431150000000000000000000000000000000000106071216231703431123170343115         05121600000000107071040169501000000000000000000000000000000000000000000000000000000000000000000000000000000000000001070700000000000000000000000000000000000000000000000000000000000000000000000000000000000000000000000000000000000000000000000000000019000002
102022797850001090045455045406700921 91001182378              231703433870000000000000000000000000000000000106071216231703433823170343387         10121600000000073681040268501000000000000000000000000000000000000000000000000000000000000000000000000000000000000000736800000000000000000000000000000000000000000000000000000000000000000000000000000000000000000000000000000000000000000000000000000019000003
102022797850001090045455045406700920 91001182384              231703434330000000000000000000000000000000000106071216231703434323170343433         10121600000000010202370535501000000000000000000000000000000000000000000000000000000000000000000000000000000000000000102000000000000000000000000000000000000000000000000000000000000000000000000000000000000000000000000000000000000000000000000000000019000004
102022797850001090045455045406700920 91001182385              231703434410000000000000000000000000000000000106071216231703434423170343441         10121600000008771792370535501000000000000000000000000000000000000000000000000000000000000000000000000000000000000087717900000000000000000000000000000000000000000000000000000000000000000000000000000000000000000000000000000000000000000000000000000019000005
102022797850001090045455045406700921 91001182401              231703435730000000000000000000000000000000000106071216231703435723170343573         10121600000000132500010469601000000000000000000000000000000000000000000000000000000000000000000000000000000000000001325000000000000000000000000000000000000000000000000000000000000000000000000000000000000000000000000000000000000000000000000000000019000006
102022797850001090045455045406700921 91001182406              231703436200000000000000000000000000000000000106071216231703436223170343620         10121600000000070307560442501000000000000000000000000000000000000000000000000000000000000000000000000000000000000000703000000000000000000000000000000000000000000000000000000000000000000000000000000000000000000000000000000000000000000000000000000019000007
102022797850001090045455045406700921 91001182480              231703442600000000000000000000000000000000000106071216231703442623170344260         10121600000000246560010057101000000000000000000000000000000000000000000000000000000000000000000000000000000000000002465600000000000000000000000000000000000000000000000000000000000000000000000000000000000000000000000000000000000000000000000000000019000008
102022797850001090045455045406700921 91001182520              231703446180000000000000000000000000000000000106071216231703446123170344618         10121600000000055591040001601000000000000000000000000000000000000000000000000000000000000000000000000000000000000000555900000000000000000000000000000000000000000000000000000000000000000000000000000000000000000000000000000000000000000000000000000019000009
102022797850001090045455045406700921 91001182766              231703461220000000000000000000000000000000000106071216231703461223170346122         15121600000000025921040229501000000000000000000000000000000000000000000000000000000000000000000000000000000000000000259200000000000000000000000000000000000000000000000000000000000000000000000000000000000000000000000000000000000000000000000000000019000010
9201399          0000088100000011525209                                                                                                                                                                                                                                                                                                                                                                   000011
