02RETORNO01COBRANCA       00000000000000288145CABLE BAHIA LTDA              237BRADESCO       0712160160000002792                                                                                                                                                                                                                                                                          071216         000001
1020411069500011500000020339100754005                         0000000051004689236P0000000000000000000000000217071216          0000000051004689236P000000000000000580910401416  000000000000000000000000000000000000000000000000000000000000000000000000000000000000000580900000000000000000000000000   071216                 0000000000                                                                  000002
1020411069500011500000020339100754005                         000000005100468985460000000000000000000000000217071216          00000000510046898546000000000000001571900101238  000000000000000000000000000000000000000000000000000000000000000000000000000000000000001571900000000000000000000000000   071216                 0000000000                                                                  000003
1020411069500011500000020339100754005                         000000005100469128160000000000000000000000000217071216          00000000510046912816000000000000000628023702210  000000000000000000000000000000000000000000000000000000000000000000000000000000000000000628000000000000000000000000000   071216                 0000000000                                                                  000004
1020411069500011500000020339100754005                         000000005100469128240000000000000000000000000217071216          00000000510046912824000000000000000925223703673  000000000000000000000000000000000000000000000000000000000000000000000000000000000000000925200000000000000000000000000   071216                 0000000000                                                                  000005
1020411069500011500000020339100754005                         000000005100469128320000000000000000000000000217071216          00000000510046912832000000000000000921423703673  000000000000000000000000000000000000000000000000000000000000000000000000000000000000000921400000000000000000000000000   071216                 0000000000                                                                  000006
1020411069500011500000020339100754005                         000000005100469151810000000000000000000000000217071216          00000000510046915181000000000000001084210404798  000000000000000000000000000000000000000000000000000000000000000000000000000000000000001084200000000000000000000000000   071216                 0000000000                                                                  000007
1020411069500011500000020339100754005                         000000005100469155130000000000000000000000000217071216          00000000510046915513000000000000000656210400062  000000000000000000000000000000000000000000000000000000000000000000000000000000000000000656200000000000000000000000000   071216                 0000000000                                                                  000008
1020411069500011500000020339100754005                         000000005100469155990000000000000000000000000217071216          00000000510046915599000000000000000616010401517  000000000000000000000000000000000000000000000000000000000000000000000000000000000000000616000000000000000000000000000   071216                 0000000000                                                                  000009
1020411069500011500000020339100754005                         000000005100469156100000000000000000000000000217071216          00000000510046915610000000000000000628010400062  000000000000000000000000000000000000000000000000000000000000000000000000000000000000000628000000000000000000000000000   071216                 0000000000                                                                  000010
1020411069500011500000020339100754005                         000000005100469156880000000000000000000000000217071216          00000000510046915688000000000000000780023703666  000000000000000000000000000000000000000000000000000000000000000000000000000000000000000780000000000000000000000000000   071216                 0000000000                                                                  000011
1020411069500011500000020339100754005                         000000005100469158070000000000000000000000000217071216          00000000510046915807000000000000000849023701425  000000000000000000000000000000000000000000000000000000000000000000000000000000000000000849000000000000000000000000000   071216                 0000000000                                                                  000012
1020411069500011500000020339100754005                         000000005100469159040000000000000000000000000217071216          00000000510046915904000000000000000721610401416  000000000000000000000000000000000000000000000000000000000000000000000000000000000000000721600000000000000000000000000   071216                 0000000000                                                                  000013
1020411069500011500000020339100754005                         000000005100469160560000000000000000000000000217071216          00000000510046916056000000000000001046500108603  000000000000000000000000000000000000000000000000000000000000000000000000000000000000001046500000000000000000000000000   071216                 0000000000                                                                  000014
1020411069500011500000020339100754005                         000000005100469161100000000000000000000000000217071216          00000000510046916110000000000000000658410400063  000000000000000000000000000000000000000000000000000000000000000000000000000000000000000658400000000000000000000000000   071216                 0000000000                                                                  000015
1020411069500011500000020339100754005                         0000000051004691620P0000000000000000000000000217071216          0000000051004691620P000000000000001457710401053  000000000000000000000000000000000000000000000000000000000000000000000000000000000000001457700000000000000000000000000   071216                 0000000000                                                                  000016
1020411069500011500000020339100754005                         000000005100469162850000000000000000000000000217071216          00000000510046916285000000000000000271310400618  000000000000000000000000000000000000000000000000000000000000000000000000000000000000000271300000000000000000000000000   071216                 0000000000                                                                  000017
1020411069500011500000020339100754005                         000000005100469164630000000000000000000000000217071216          00000000510046916463000000000000000599010404662  000000000000000000000000000000000000000000000000000000000000000000000000000000000000000599000000000000000000000000000   071216                 0000000000                                                                  000018
1020411069500011500000020339100754005                         000000005100469164710000000000000000000000000217071216          00000000510046916471000000000000000599010404662  000000000000000000000000000000000000000000000000000000000000000000000000000000000000000599000000000000000000000000000   071216                 0000000000                                                                  000019
1020411069500011500000020339100754005                         0000000051004691648P0000000000000000000000000217071216          0000000051004691648P000000000000000173910404662  000000000000000000000000000000000000000000000000000000000000000000000000000000000000000173900000000000000000000000000   071216                 0000000000                                                                  000020
1020411069500011500000020339100754005                         000000005100469165790000000000000000000000000217071216          00000000510046916579000000000000000624010401236  000000000000000000000000000000000000000000000000000000000000000000000000000000000000000624000000000000000000000000000   071216                 0000000000                                                                  000021
1020411069500011500000020339100754005                         000000005100469165870000000000000000000000000217071216          00000000510046916587000000000000000563910403777  000000000000000000000000000000000000000000000000000000000000000000000000000000000000000563900000000000000000000000000   071216                 0000000000                                                                  000022
1020411069500011500000020339100754005                         000000005100469166250000000000000000000000000217071216          00000000510046916625000000000000000458600103380  000000000000000000000000000000000000000000000000000000000000000000000000000000000000000458600000000000000000000000000   071216                 0000000000                                                                  000023
1020411069500011500000020339100754005                         000000005100469166760000000000000000000000000217071216          00000000510046916676000000000000001350110404121  000000000000000000000000000000000000000000000000000000000000000000000000000000000000001350100000000000000000000000000   071216                 0000000000                                                                  000024
1020411069500011500000020339100754005                         000000005100469166840000000000000000000000000217071216          00000000510046916684000000000000000612934101576  000000000000000000000000000000000000000000000000000000000000000000000000000000000000000612900000000000000000000000000   071216                 0000000000                                                                  000025
1020411069500011500000020339100754005                         000000005100469168030000000000000000000000000217071216          00000000510046916803000000000000000852934108601  000000000000000000000000000000000000000000000000000000000000000000000000000000000000000852900000000000000000000000000   071216                 0000000000                                                                  000026
1020411069500011500000020339100754005                         000000005100469169190000000000000000000000000217071216          00000000510046916919000000000000000773610401416  000000000000000000000000000000000000000000000000000000000000000000000000000000000000000773600000000000000000000000000   071216                 0000000000                                                                  000027
1020411069500011500000020339100754005                         000000005100469169270000000000000000000000000217071216          00000000510046916927000000000000000451310403777  000000000000000000000000000000000000000000000000000000000000000000000000000000000000000451300000000000000000000000000   071216                 0000000000                                                                  000028
1020411069500011500000020339100754005                         000000005100469169430000000000000000000000000217071216          00000000510046916943000000000000000456800101532  000000000000000000000000000000000000000000000000000000000000000000000000000000000000000456800000000000000000000000000   071216                 0000000000                                                                  000029
1020411069500011500000020339100754005                         0000000051004691696P0000000000000000000000000217071216          0000000051004691696P000000000000000828110401449  000000000000000000000000000000000000000000000000000000000000000000000000000000000000000828100000000000000000000000000   071216                 0000000000                                                                  000030
1020411069500011500000020339100754005                         000000005100469169780000000000000000000000000217071216          00000000510046916978000000000000000828110401449  000000000000000000000000000000000000000000000000000000000000000000000000000000000000000828100000000000000000000000000   071216                 0000000000                                                                  000031
1020411069500011500000020339100754005                         000000005100469170440000000000000000000000000217071216          00000000510046917044000000000000000894623706694  000000000000000000000000000000000000000000000000000000000000000000000000000000000000000894600000000000000000000000000   071216                 0000000000                                                                  000032
1020411069500011500000020339100754005                         000000005100469170520000000000000000000000000217071216          00000000510046917052000000000000001687504700002  000000000000000000000000000000000000000000000000000000000000000000000000000000000000001687500000000000000000000000000   071216                 0000000000                                                                  000033
1020411069500011500000020339100754005                         000000005100469171250000000000000000000000000217071216          00000000510046917125000000000000000239234103888  000000000000000000000000000000000000000000000000000000000000000000000000000000000000000239200000000000000000000000000   071216                 0000000000                                                                  000034
1020411069500011500000020339100754005                         000000005100469171410000000000000000000000000217071216          00000000510046917141000000000000000797623703266  000000000000000000000000000000000000000000000000000000000000000000000000000000000000000797600000000000000000000000000   071216                 0000000000                                                                  000035
1020411069500011500000020339100754005                         0000000051004691715P0000000000000000000000000217071216          0000000051004691715P000000000000000773723703266  000000000000000000000000000000000000000000000000000000000000000000000000000000000000000773700000000000000000000000000   071216                 0000000000                                                                  000036
1020411069500011500000020339100754005                         000000005100469171840000000000000000000000000217071216          00000000510046917184000000000000001317700103454  000000000000000000000000000000000000000000000000000000000000000000000000000000000000001317700000000000000000000000000   071216                 0000000000                                                                  000037
1020411069500011500000020339100754005                         000000005100469172060000000000000000000000000217071216          00000000510046917206000000000000001175800105718  000000000000000000000000000000000000000000000000000000000000000000000000000000000000001175800000000000000000000000000   071216                 0000000000                                                                  000038
1020411069500011500000020339100754005                         000000005100469172490000000000000000000000000217071216          00000000510046917249000000000000000803600101602  000000000000000000000000000000000000000000000000000000000000000000000000000000000000000803600000000000000000000000000   071216                 0000000000                                                                  000039
1020411069500011500000020339100754005                         000000005100469172570000000000000000000000000217071216          00000000510046917257000000000000000838200105718  000000000000000000000000000000000000000000000000000000000000000000000000000000000000000838200000000000000000000000000   071216                 0000000000                                                                  000040
1020411069500011500000020339100754005                         000000005100469172730000000000000000000000000217071216          00000000510046917273000000000000000611410403137  000000000000000000000000000000000000000000000000000000000000000000000000000000000000000611400000000000000000000000000   071216                 0000000000                                                                  000041
1020411069500011500000020339100754005                         000000005100469172810000000000000000000000000217071216          00000000510046917281000000000000001191610400064  000000000000000000000000000000000000000000000000000000000000000000000000000000000000001191600000000000000000000000000   071216                 0000000000                                                                  000042
1020411069500011500000020339100754005                         0000000051004691729P0000000000000000000000000217071216          0000000051004691729P000000000000000605710403777  000000000000000000000000000000000000000000000000000000000000000000000000000000000000000605700000000000000000000000000   071216                 0000000000                                                                  000043
1020411069500011500000020339100754005                         000000005100469173030000000000000000000000000217071216          00000000510046917303000000000000000789123703237  000000000000000000000000000000000000000000000000000000000000000000000000000000000000000789100000000000000000000000000   071216                 0000000000                                                                  000044
1020411069500011500000020339100754005                         000000005100469173110000000000000000000000000217071216          00000000510046917311000000000000000573500100904  000000000000000000000000000000000000000000000000000000000000000000000000000000000000000573500000000000000000000000000   071216                 0000000000                                                                  000045
1020411069500011500000020339100754005                         0000000051004691732P0000000000000000000000000217071216          0000000051004691732P000000000000000828110400062  000000000000000000000000000000000000000000000000000000000000000000000000000000000000000828100000000000000000000000000   071216                 0000000000                                                                  000046
1020411069500011500000020339100754005                         000000005100469173380000000000000000000000000217071216          00000000510046917338000000000000001381023703679  000000000000000000000000000000000000000000000000000000000000000000000000000000000000001381000000000000000000000000000   071216                 0000000000                                                                  000047
1020411069500011500000020339100754005                         000000005100469173540000000000000000000000000217071216          00000000510046917354000000000000000825110401236  000000000000000000000000000000000000000000000000000000000000000000000000000000000000000825100000000000000000000000000   071216                 0000000000                                                                  000048
1020411069500011500000020339100754005                         000000005100469173970000000000000000000000000217071216          00000000510046917397000000000000000631710401236  000000000000000000000000000000000000000000000000000000000000000000000000000000000000000631700000000000000000000000000   071216                 0000000000                                                                  000049
1020411069500011500000020339100754005                         000000005100469174270000000000000000000000000217071216          00000000510046917427000000000000000770823703266  000000000000000000000000000000000000000000000000000000000000000000000000000000000000000770800000000000000000000000000   071216                 0000000000                                                                  000050
1020411069500011500000020339100754005                         000000005100469174940000000000000000000000000217071216          00000000510046917494000000000000001127810401236  000000000000000000000000000000000000000000000000000000000000000000000000000000000000001127800000000000000000000000000   071216                 0000000000                                                                  000051
1020411069500011500000020339100754005                         000000005100469175080000000000000000000000000217071216          00000000510046917508000000000000001147910401236  000000000000000000000000000000000000000000000000000000000000000000000000000000000000001147900000000000000000000000000   071216                 0000000000                                                                  000052
1020411069500011500000020339100754005                         000000005100469175320000000000000000000000000217071216          00000000510046917532000000000000000333410401021  000000000000000000000000000000000000000000000000000000000000000000000000000000000000000333400000000000000000000000000   071216                 0000000000                                                                  000053
1020411069500011500000020339100754005                         000000005100469175400000000000000000000000000217071216          00000000510046917540000000000000000599034107721  000000000000000000000000000000000000000000000000000000000000000000000000000000000000000599000000000000000000000000000   071216                 0000000000                                                                  000054
1020411069500011500000020339100754005                         000000005100469176050000000000000000000000000217071216          00000000510046917605000000000000000858210401510  000000000000000000000000000000000000000000000000000000000000000000000000000000000000000858200000000000000000000000000   071216                 0000000000                                                                  000055
1020411069500011500000020339100754005                         000000005100469176640000000000000000000000000217071216          00000000510046917664000000000000000567510400618  000000000000000000000000000000000000000000000000000000000000000000000000000000000000000567500000000000000000000000000   071216                 0000000000                                                                  000056
1020411069500011500000020339100754005                         000000005100469176990000000000000000000000000217071216          00000000510046917699000000000000000594900103025  000000000000000000000000000000000000000000000000000000000000000000000000000000000000000594900000000000000000000000000   071216                 0000000000                                                                  000057
1020411069500011500000020339100754005                         000000005100469177020000000000000000000000000217071216          00000000510046917702000000000000000522610401510  000000000000000000000000000000000000000000000000000000000000000000000000000000000000000522600000000000000000000000000   071216                 0000000000                                                                  000058
1020411069500011500000020339100754005                         000000005100469177290000000000000000000000000217071216          00000000510046917729000000000000000747810401236  000000000000000000000000000000000000000000000000000000000000000000000000000000000000000747800000000000000000000000000   071216                 0000000000                                                                  000059
1020411069500011500000020339100754005                         000000005100469177450000000000000000000000000217071216          00000000510046917745000000000000000358810400063  000000000000000000000000000000000000000000000000000000000000000000000000000000000000000358800000000000000000000000000   071216                 0000000000                                                                  000060
1020411069500011500000020339100754005                         000000005100469178340000000000000000000000000217071216          00000000510046917834000000000000000699010401236  000000000000000000000000000000000000000000000000000000000000000000000000000000000000000699000000000000000000000000000   071216                 0000000000                                                                  000061
1020411069500011500000020339100754005                         000000005100469178690000000000000000000000000217071216          00000000510046917869000000000000001206034108129  000000000000000000000000000000000000000000000000000000000000000000000000000000000000001206000000000000000000000000000   071216                 0000000000                                                                  000062
1020411069500011500000020339100754005                         000000005300222280280000000000000000000000000217071216          00000000530022228028000000000000000549323702273  000000000000000000000000000000000000000000000000000000000000000000000000000000000000000549300000000000000000000000000   071216                 0000000000                                                                  000063
1020411069500011500000020339100754005                         000000005300222297920000000000000000000000000217071216          00000000530022229792000000000000000349010404109  000000000000000000000000000000000000000000000000000000000000000000000000000000000000000349000000000000000000000000000   071216                 0000000000                                                                  000064
1020411069500011500000020339100754005                         000000005300222298490000000000000000000000000217071216          00000000530022229849000000000000000552300103128  000000000000000000000000000000000000000000000000000000000000000000000000000000000000000552300000000000000000000000000   071216                 0000000000                                                                  000065
1020411069500011500000020339100754005                         000000005300222301380000000000000000000000000217071216          00000000530022230138000000000000000505700103218  000000000000000000000000000000000000000000000000000000000000000000000000000000000000000505700000000000000000000000000   071216                 0000000000                                                                  000066
1020411069500011500000020339100754005                         000000005300222301460000000000000000000000000217071216          00000000530022230146000000000000000633523700777  000000000000000000000000000000000000000000000000000000000000000000000000000000000000000633500000000000000000000000000   071216                 0000000000                                                                  000067
1020411069500011500000020339100754005                         000000005300222302270000000000000000000000000217071216          00000000530022230227000000000000000423010400068  000000000000000000000000000000000000000000000000000000000000000000000000000000000000000423000000000000000000000000000   071216                 0000000000                                                                  000068
1020411069500011500000020339100754005                         000000005300222302350000000000000000000000000217071216          00000000530022230235000000000000000802010403138  000000000000000000000000000000000000000000000000000000000000000000000000000000000000000802000000000000000000000000000   071216                 0000000000                                                                  000069
1020411069500011500000020339100754005                         000000005300222302510000000000000000000000000217071216          00000000530022230251000000000000000563623703026  000000000000000000000000000000000000000000000000000000000000000000000000000000000000000563600000000000000000000000000   071216                 0000000000                                                                  000070
1020411069500011500000020339100754005                         000000005300222302780000000000000000000000000217071216          00000000530022230278000000000000000931510401611  000000000000000000000000000000000000000000000000000000000000000000000000000000000000000931500000000000000000000000000   071216                 0000000000                                                                  000071
1020411069500011500000020339100754005                         000000005300222302940000000000000000000000000217071216          00000000530022230294000000000000000399010401611  000000000000000000000000000000000000000000000000000000000000000000000000000000000000000399000000000000000000000000000   071216                 0000000000                                                                  000072
1020411069500011500000020339100754005                         000000005300222303080000000000000000000000000217071216          00000000530022230308000000000000000399010401611  000000000000000000000000000000000000000000000000000000000000000000000000000000000000000399000000000000000000000000000   071216                 0000000000                                                                  000073
1020411069500011500000020339100754005                         000000005300222303670000000000000000000000000217071216          00000000530022230367000000000000000591710401611  000000000000000000000000000000000000000000000000000000000000000000000000000000000000000591700000000000000000000000000   071216                 0000000000                                                                  000074
1020411069500011500000020339100754005                         000000005300222304050000000000000000000000000217071216          00000000530022230405000000000000000255010403802  000000000000000000000000000000000000000000000000000000000000000000000000000000000000000255000000000000000000000000000   071216                 0000000000                                                                  000075
1020411069500011500000020339100754005                         000000005300222304130000000000000000000000000217071216          00000000530022230413000000000000000674110404109  000000000000000000000000000000000000000000000000000000000000000000000000000000000000000674100000000000000000000000000   071216                 0000000000                                                                  000076
1020411069500011500000020339100754005                         000000005300222304560000000000000000000000000217071216          00000000530022230456000000000000000799410404109  000000000000000000000000000000000000000000000000000000000000000000000000000000000000000799400000000000000000000000000   071216                 0000000000                                                                  000077
9201237          000000000000000000000000002792          00000000000000000000000000000000000000000000000000000000000000000000000000000000000000000000000000000000000000000000000000000000000                                                                                                                                                                              00000000000000000000000         000078
