A21531                CABLE BAHIA LTDA    356BANCO SANTANDER S.A.2016120800120004DEBITO AUTOMATICO                                                    
F0000000000000000001342399328001012156      201612200000000000045730251004689348                                                                     0
F0000000000000000000569191078901013296      201612200000000000039900253002222311                                                                     0
Z00000400000000000008563                                                                                                                              
