A20954                TELEVISAO CIDADE S.A356BANCO SANTANDER S.A.2016120800162004DEBITO AUTOMATICO                                                    
F0000000000000000000540527102901010932      201612200000000000077340282002151816                                                                     0
F0000000000000000000540858391701036506      201612200000000000070900282002151821                                                                     0
F0000000000000000001292062012501013985      201612200000000000060990261004014154                                                                     0
F0000000000000000000637670353600014085      201612200000000000058670263003236475                                                                     0
F0000000000000000000623711082901000907      201612200000000000083830263003236864                                                                     0
F0000000000000000000646018331201079729      201612200000000000049530263003237228                                                                     0
F0000000000000000000584086317710135457      201612250000000000069540464003469190                                                                  12 0
F0000000000000000000603464445401013339      201612250000000000059110264003470136                                                                     0
F0000000000000000000007777335201015213      201612250000000000105110263003237903                                                                     0
F0000000000000000000637142329601002997      201612250000000000066290263003238422                                                                     0
F0000000000000000000557417415400016556      201612250000000000209930273002355774                                                                     0
F0000000000000000000506794374900001698      201612250000000000055590273002355801                                                                     0
Z00001400000000000096683                                                                                                                              
